<?xml version="1.0" ?><OAI-PMH xmlns="http://www.openarchives.org/OAI/2.0/" xmlns:xsi="http://www.w3.org/2001/XMLSchema-instance" xsi:schemaLocation="http://www.openarchives.org/OAI/2.0/ http://www.openarchives.org/OAI/2.0/OAI-PMH.xsd">
  <responseDate>2024-11-20T18:26:21Z</responseDate>
  <request resumptionToken="1900-01-01@all@UNIGE_ALL@marc21@5986567460005502" verb="ListRecords">https://slsp-unige.alma.exlibrisgroup.com/view/oai/41SLSP_UGE/request</request>
<ListRecords><record><header><identifier>oai:alma.41SLSP_UGE:991000784279705502</identifier><datestamp>2023-06-20T00:19:46Z</datestamp><setSpec>uge_bcen_RapidILL_BOOK</setSpec><setSpec>uge_aaca_RapidILL_BOOK</setSpec><setSpec>uge_abels_RapidILL_BOOK</setSpec><setSpec>uge_dbu_RapidILL_BOOK</setSpec><setSpec>uge_cmu_RapidILL_BOOK</setSpec><setSpec>uge_mail_RapidILL_BOOK</setSpec><setSpec>uge_abbat_RapidILL_BOOK</setSpec><setSpec>UNIGE_ALL</setSpec><setSpec>uge_aobs_RapidILL_BOOK</setSpec><setSpec>uge_acar_RapidILL_BOOK</setSpec></header><metadata>
<record xmlns="http://www.loc.gov/MARC21/slim" xmlns:xsi="http://www.w3.org/2001/XMLSchema-instance" xsi:schemaLocation="http://www.loc.gov/MARC21/slim http://www.loc.gov/standards/marcxml/schema/MARC21slim.xsd"><leader>06238nam a2200769 c 4500</leader><controlfield tag="001">991000784279705502</controlfield><controlfield tag="005">20230619194000.0</controlfield><controlfield tag="008">201011s2015    xxu||||| |||| 00| ||eng d</controlfield><datafield ind1=" " ind2=" " tag="010"><subfield code="a">2014037089</subfield></datafield><datafield ind1=" " ind2=" " tag="020"><subfield code="a">0674054989</subfield><subfield code="q">alk. paper</subfield></datafield><datafield ind1=" " ind2=" " tag="020"><subfield code="a">9780674054981</subfield><subfield code="q">alk. paper</subfield></datafield><datafield ind1=" " ind2=" " tag="035"><subfield code="a">(swissbib)221803513-41slsp_network</subfield></datafield><datafield ind1=" " ind2=" " tag="035"><subfield code="a">221803513</subfield><subfield code="9">ExL</subfield></datafield><datafield ind1=" " ind2=" " tag="035"><subfield code="a">(RERO)R008184802-41slsp</subfield></datafield><datafield ind1=" " ind2=" " tag="035"><subfield code="a">(IDSBB)006427129DSV01</subfield></datafield><datafield ind1=" " ind2=" " tag="035"><subfield code="a">(NEBIS)010495897EBI01</subfield></datafield><datafield ind1=" " ind2=" " tag="035"><subfield code="a">(OCoLC)893709460</subfield><subfield code="z">(OCoLC)910569230</subfield></datafield><datafield ind1=" " ind2=" " tag="035"><subfield code="a">(EXLNZ-41SLSP_NETWORK)991001125629705501</subfield></datafield><datafield ind1=" " ind2=" " tag="040"><subfield code="a">DLC</subfield><subfield code="d">CH-ZuSLS</subfield></datafield><datafield ind1="1" ind2=" " tag="041"><subfield code="a">eng</subfield><subfield code="a">lat</subfield><subfield code="h">lat</subfield></datafield><datafield ind1=" " ind2="0" tag="050"><subfield code="a">DG737.97</subfield><subfield code="b">.A25 2015</subfield></datafield><datafield ind1=" " ind2="7" tag="072"><subfield code="a">la</subfield><subfield code="2">rero</subfield></datafield><datafield ind1=" " ind2="7" tag="072"><subfield code="a">ma</subfield><subfield code="2">SzZuIDS BS/BE</subfield></datafield><datafield ind1=" " ind2="7" tag="072"><subfield code="a">mn</subfield><subfield code="2">SzZuIDS BS/BE</subfield></datafield><datafield ind1="0" ind2="0" tag="082"><subfield code="a">282.092</subfield><subfield code="2">23</subfield></datafield><datafield ind1="1" ind2="4" tag="082"><subfield code="a">350</subfield><subfield code="2">15</subfield></datafield><datafield ind1="1" ind2=" " tag="100"><subfield code="a">Savonarola, Girolamo</subfield><subfield code="d">1452-1498</subfield><subfield code="0">(DE-588)118605933</subfield><subfield code="6">880-01</subfield></datafield><datafield ind1="1" ind2=" " tag="880"><subfield code="6">100-01</subfield><subfield code="a">Savonarole, Jérôme</subfield><subfield code="d">1452-1498</subfield><subfield code="0">(IDREF)027208656</subfield><subfield code="4">cre</subfield></datafield><datafield ind1="1" ind2="0" tag="245"><subfield code="a">Apologetic writings</subfield><subfield code="c">Girolamo Savonarola ; edited and translated by M. Michèle Mulchahey</subfield></datafield><datafield ind1=" " ind2="1" tag="264"><subfield code="a">Cambridge, Massachusetts</subfield><subfield code="b">Harvard University Press</subfield><subfield code="c">2015</subfield></datafield><datafield ind1=" " ind2=" " tag="300"><subfield code="a">xliv, 413 pages</subfield><subfield code="c">22 cm</subfield></datafield><datafield ind1=" " ind2=" " tag="336"><subfield code="b">txt</subfield><subfield code="2">rdacontent</subfield></datafield><datafield ind1=" " ind2=" " tag="337"><subfield code="b">n</subfield><subfield code="2">rdamedia</subfield></datafield><datafield ind1=" " ind2=" " tag="338"><subfield code="b">nc</subfield><subfield code="2">rdacarrier</subfield></datafield><datafield ind1="1" ind2=" " tag="490"><subfield code="a">The I Tatti Renaissance library</subfield><subfield code="v">68</subfield></datafield><datafield ind1=" " ind2=" " tag="500"><subfield code="a">Enthält Briefe</subfield></datafield><datafield ind1=" " ind2=" " tag="500"><subfield code="a">English translation with Latin text on verso</subfield></datafield><datafield ind1=" " ind2=" " tag="500"><subfield code="a">With English and Latin text</subfield></datafield><datafield ind1=" " ind2=" " tag="504"><subfield code="a">Includes bibliographical references (pages 399-401) and indexes</subfield></datafield><datafield ind1="0" ind2=" " tag="505"><subfield code="a">Letter to Alexander VI, July 31, 1495 -- Letter to Alexander VI, September 29, 1495 -- Apology for the Brothers of the Congregation of San Marco -- Letter to Alexander VI, May 20, 1497 -- Letter against the sentence of excommunication, June 1497 -- Letter to Alexander VI, October 13, 1497 -- Letter to Alexander VI, March 13, 1498 -- Letter to Alexander VI, March 13, 1498 (unsent version) -- Dialogue on the truth of prophecy</subfield></datafield><datafield ind1=" " ind2=" " tag="520"><subfield code="a">&quot;Brought to Florence at the instance of Lorenzo de' Medici to become lector to the Dominican community at San Marco, Girolamo Savonarola would ultimately be responsible for the events that convulsed the city in the 1490s and led to the overthrow of the Medici themselves. Savonarola's apocalyptic sermons, preached from the pulpits of San Marco and the Duomo, predicted dire consequences for a sinful Florence, a scourging, if the Florentines did not mend their ways and form themselves into a commonwealth for God. Fully in the ascendant by 1495, Savonarola increasingly used his platform in Florence to urge a renewal of the entire Church, a renovatio ecclesiae that implicated the papacy as a particular impediment to reform. He was accused of heresy and eventually excommunicated by the Borgia pope, Alexander VI, on 13 May 1497. Savonarola refused to acknowledge the validity of the excommunication and defended himself against the charges. But he was soon arrested by the Florentine Signoria - the city's highest magistracy - at the pope's behest. He was then brought to trial for falsely claiming to have seen visions and uttered prophecies, for religious error, and sedition. In a few days it was all over. Girolamo Savonarola was hanged and burned, together with two of his Dominican disciples from San Marco, in Florence's Piazza della Signoria on 23 May 1498, still professing adherence to the Church. Girolamo Savonarola's self-defense, like his visionary teaching, was preached from the pulpits of Florence, but was also carried on through a series of writings. The works presented in this volume were all written by the friar during the dramatic months leading up to his death, as he ever more desperately defended his actions to those who were ranged against him.&quot;--Provided by publisher</subfield></datafield><datafield ind1="0" ind2="0" tag="600"><subfield code="a">Alexander</subfield><subfield code="b">VI</subfield><subfield code="c">Pope</subfield><subfield code="d">1431-1503</subfield><subfield code="v">Correspondence</subfield></datafield><datafield ind1="1" ind2="0" tag="600"><subfield code="a">Savonarola, Girolamo</subfield><subfield code="d">1452-1498</subfield><subfield code="v">Correspondence</subfield></datafield><datafield ind1="1" ind2="0" tag="600"><subfield code="a">Savonarola, Girolamo</subfield><subfield code="d">1452-1498</subfield><subfield code="x">Political and social views</subfield></datafield><datafield ind1="1" ind2="0" tag="600"><subfield code="a">Savonarola, Girolamo</subfield><subfield code="d">1452-1498</subfield><subfield code="x">Religion</subfield></datafield><datafield ind1="0" ind2="7" tag="600"><subfield code="a">Médicis</subfield><subfield code="c">(famille)</subfield><subfield code="0">(RERO)A010115523</subfield><subfield code="2">rero</subfield></datafield><datafield ind1="0" ind2="7" tag="600"><subfield code="a">Alexandre</subfield><subfield code="b">VI</subfield><subfield code="c">pape</subfield><subfield code="d">1431-1503</subfield><subfield code="0">(IDREF)029427894</subfield><subfield code="2">idref</subfield></datafield><datafield ind1="1" ind2="4" tag="600"><subfield code="a">Savonarola, Girolamo</subfield><subfield code="q">Girolamo Maria Francesco Matteo</subfield><subfield code="d">1452-1498</subfield></datafield><datafield ind1="1" ind2="7" tag="600"><subfield code="a">Savonarola, Girolamo</subfield><subfield code="d">1452-1498</subfield><subfield code="0">(DE-588)118605933</subfield><subfield code="2">gnd</subfield></datafield><datafield ind1="2" ind2="0" tag="610"><subfield code="a">Dominicans</subfield><subfield code="z">Italy</subfield><subfield code="z">Florence</subfield><subfield code="v">Correspondence</subfield></datafield><datafield ind1="2" ind2="4" tag="610"><subfield code="a">Dominicans</subfield></datafield><datafield ind1="1" ind2="0" tag="610"><subfield code="a">Dominicans</subfield><subfield code="z">Italy</subfield><subfield code="z">Florence</subfield><subfield code="v">Correspondence</subfield></datafield><datafield ind1=" " ind2="7" tag="650"><subfield code="a">Dominicains (ordre religieux)</subfield><subfield code="0">(IDREF)027266559</subfield><subfield code="2">idref</subfield></datafield><datafield ind1=" " ind2="0" tag="650"><subfield code="a">Excommunication</subfield><subfield code="x">Catholic Church</subfield><subfield code="x">History</subfield><subfield code="y">To 1500</subfield><subfield code="v">Sources</subfield></datafield><datafield ind1=" " ind2="0" tag="650"><subfield code="a">Reformers</subfield><subfield code="z">Italy</subfield><subfield code="z">Florence</subfield><subfield code="v">Correspondence</subfield></datafield><datafield ind1=" " ind2="7" tag="650"><subfield code="a">AMTLICHE UND HALBAMTLICHE VERÖFFENTLICHUNGEN (DOKUMENTENTYP)</subfield><subfield code="9">ger</subfield><subfield code="0">(ETHUDK)000009350</subfield><subfield code="2">ethudk</subfield></datafield><datafield ind1=" " ind2="7" tag="650"><subfield code="a">PREDIGTEN + HOMILETIK (THEOLOGIE)</subfield><subfield code="9">ger</subfield><subfield code="0">(ETHUDK)000009863</subfield><subfield code="2">ethudk</subfield></datafield><datafield ind1=" " ind2="0" tag="651"><subfield code="a">Florence (Italy)</subfield><subfield code="x">Church history</subfield><subfield code="v">Sources</subfield></datafield><datafield ind1=" " ind2="0" tag="651"><subfield code="a">Florence (Italy)</subfield><subfield code="x">History</subfield><subfield code="y">1421-1737</subfield><subfield code="v">Sources</subfield></datafield><datafield ind1=" " ind2="7" tag="655"><subfield code="a">Briefsammlung</subfield><subfield code="2">gnd-content</subfield></datafield><datafield ind1="1" ind2=" " tag="700"><subfield code="a">Mulchahey, Marian Michèle</subfield></datafield><datafield ind1="1" ind2=" " tag="700"><subfield code="a">Mulchahey, M. Michèle</subfield><subfield code="d">1957-</subfield><subfield code="0">(DE-588)172885620</subfield><subfield code="6">880-02</subfield></datafield><datafield ind1="1" ind2=" " tag="880"><subfield code="a">Mulchahey, M. Michèle</subfield><subfield code="d">1957-</subfield><subfield code="0">(RERO)A025493841</subfield><subfield code="6">700-02</subfield></datafield><datafield ind1=" " ind2="0" tag="830"><subfield code="a">&lt;&lt;The&gt;&gt; I Tatti Renaissance library</subfield><subfield code="v">68</subfield><subfield code="w">(RERO)R003091326-41slsp</subfield></datafield><datafield ind1=" " ind2=" " tag="911"><subfield code="a">100</subfield><subfield code="a">Savonarola, Girolamo</subfield><subfield code="d">1452-1498</subfield></datafield><datafield ind1=" " ind2=" " tag="911"><subfield code="a">700</subfield><subfield code="a">Mulchahey, M. Michèle</subfield><subfield code="d">1957-</subfield></datafield><datafield ind1=" " ind2=" " tag="912"><subfield code="t">Letter to Alexander VI, July 31, 1495</subfield><subfield code="t">Letter to Alexander VI, September 29, 1495</subfield><subfield code="t">Apology for the Brothers of the Congregation of San Marco</subfield><subfield code="t">Letter to Alexander VI, May 20, 1497</subfield><subfield code="t">Letter against the sentence of excommunication, June 1497</subfield><subfield code="t">Letter to Alexander VI, October 13, 1497</subfield><subfield code="t">Letter to Alexander VI, March 13, 1498</subfield><subfield code="t">Letter to Alexander VI, March 13, 1498 (unsent version)</subfield><subfield code="t">Dialogue on the truth of prophecy</subfield></datafield><datafield ind1=" " ind2=" " tag="912"><subfield code="a">Letter to Alexander VI, July 31, 1495 -- Letter to Alexander VI, September 29, 1495 -- Apology for the Brothers of the Congregation of San Marco -- Letter to Alexander VI, May 20, 1497 -- Letter against the sentence of excommunication, June 1497 -- Letter to Alexander VI, October 13, 1497 -- Letter to Alexander VI, March 13, 1498 -- Letter to Alexander VI, March 13, 1498 (unsent version) -- Dialogue on the truth of prophecy</subfield></datafield></record>
</metadata></record>