<record><header><identifier>oai:alma.41SLSP_UGE:991000784499705502</identifier><datestamp>2024-03-09T01:40:01Z</datestamp><setSpec>uge_bcen_RapidILL_BOOK</setSpec><setSpec>uge_aaca_RapidILL_BOOK</setSpec><setSpec>uge_abels_RapidILL_BOOK</setSpec><setSpec>uge_dbu_RapidILL_BOOK</setSpec><setSpec>uge_cmu_RapidILL_BOOK</setSpec><setSpec>uge_mail_RapidILL_BOOK</setSpec><setSpec>uge_abbat_RapidILL_BOOK</setSpec><setSpec>UNIGE_ALL</setSpec><setSpec>uge_acar_RapidILL_BOOK</setSpec><setSpec>uge_aobs_RapidILL_BOOK</setSpec></header><metadata>
<record xmlns="http://www.loc.gov/MARC21/slim" xmlns:xsi="http://www.w3.org/2001/XMLSchema-instance" xsi:schemaLocation="http://www.loc.gov/MARC21/slim http://www.loc.gov/standards/marcxml/schema/MARC21slim.xsd"><leader>04129nam a2200973uc 4500</leader><controlfield tag="001">991000784499705502</controlfield><controlfield tag="005">20240308044431.0</controlfield><controlfield tag="008">201011t19961996sz            10| | ger d</controlfield><datafield ind1=" " ind2=" " tag="020"><subfield code="a">3905311992</subfield></datafield><datafield ind1=" " ind2=" " tag="035"><subfield code="a">(swissbib)228693691-41slsp_network</subfield></datafield><datafield ind1=" " ind2=" " tag="035"><subfield code="a">228693691</subfield><subfield code="9">ExL</subfield></datafield><datafield ind1=" " ind2=" " tag="035"><subfield code="a">(IDSBB)001306132DSV01</subfield></datafield><datafield ind1=" " ind2=" " tag="035"><subfield code="a">(NEBIS)001565649EBI01</subfield></datafield><datafield ind1=" " ind2=" " tag="035"><subfield code="a">(RERO)2220978-41slsp</subfield></datafield><datafield ind1=" " ind2=" " tag="035"><subfield code="a">(IDSLU)000095188ILU01</subfield></datafield><datafield ind1=" " ind2=" " tag="035"><subfield code="a">(SBT)000064238SBT01</subfield></datafield><datafield ind1=" " ind2=" " tag="035"><subfield code="a">(IDSSG)000132991HSB01</subfield></datafield><datafield ind1=" " ind2=" " tag="035"><subfield code="a">(ABN)000081247ABN01</subfield></datafield><datafield ind1=" " ind2=" " tag="035"><subfield code="a">(ALEX)bv80002619</subfield></datafield><datafield ind1=" " ind2=" " tag="035"><subfield code="a">(EXLNZ-41SLSP_NETWORK)991099629919705501</subfield></datafield><datafield ind1=" " ind2=" " tag="040"><subfield code="a">SzZuIDS BS/BE B492</subfield><subfield code="b">ger</subfield><subfield code="e">kids</subfield><subfield code="d">CH-ZuSLS</subfield></datafield><datafield ind1="0" ind2=" " tag="041"><subfield code="a">ger</subfield><subfield code="a">fre</subfield><subfield code="a">ita</subfield></datafield><datafield ind1=" " ind2=" " tag="044"><subfield code="a">sz</subfield></datafield><datafield ind1=" " ind2=" " tag="050"><subfield code="a">HE8699.E85</subfield><subfield code="b">S33 1996</subfield></datafield><datafield ind1=" " ind2="7" tag="072"><subfield code="a">mm</subfield><subfield code="2">SzZuIDS BS/BE</subfield></datafield><datafield ind1=" " ind2="7" tag="072"><subfield code="a">wg</subfield><subfield code="2">SzZuIDS BS/BE</subfield></datafield><datafield ind1=" " ind2="7" tag="072"><subfield code="a">hs</subfield><subfield code="2">rero</subfield></datafield><datafield ind1=" " ind2="7" tag="072"><subfield code="a">060</subfield><subfield code="2">IDS LU</subfield></datafield><datafield ind1=" " ind2="7" tag="072"><subfield code="a">td</subfield><subfield code="2">rero</subfield></datafield><datafield ind1="1" ind2="4" tag="082"><subfield code="a">330</subfield><subfield code="2">15</subfield></datafield><datafield ind1=" " ind2=" " tag="084"><subfield code="a">3,5</subfield><subfield code="2">ssgn</subfield></datafield><datafield ind1=" " ind2=" " tag="084"><subfield code="a">AP 33200</subfield><subfield code="2">rvk</subfield></datafield><datafield ind1=" " ind2=" " tag="084"><subfield code="a">MS 7960</subfield><subfield code="2">rvk</subfield></datafield><datafield ind1=" " ind2=" " tag="084"><subfield code="a">NW 7000</subfield><subfield code="2">rvk</subfield></datafield><datafield ind1="0" ind2="0" tag="245"><subfield code="a">Schallwellen</subfield><subfield code="b">zur Sozialgeschichte des Radios</subfield><subfield code="c">Theo Mäusli (Hrsg.)</subfield></datafield><datafield ind1=" " ind2="1" tag="264"><subfield code="a">Zürich</subfield><subfield code="b">Chronos Verlag</subfield><subfield code="c">[1996]</subfield></datafield><datafield ind1=" " ind2="4" tag="264"><subfield code="c">© 1996</subfield></datafield><datafield ind1=" " ind2=" " tag="300"><subfield code="a">231 S.</subfield><subfield code="c">25 cm</subfield></datafield><datafield ind1=" " ind2=" " tag="336"><subfield code="b">txt</subfield><subfield code="2">rdacontent</subfield></datafield><datafield ind1=" " ind2=" " tag="337"><subfield code="b">n</subfield><subfield code="2">rdamedia</subfield></datafield><datafield ind1=" " ind2=" " tag="338"><subfield code="b">nc</subfield><subfield code="2">rdacarrier</subfield></datafield><datafield ind1="0" ind2=" " tag="490"><subfield code="a">Veröffentlichungen der Fonoteca Nazionale Svizzera</subfield></datafield><datafield ind1="0" ind2=" " tag="490"><subfield code="a">Colloqui del Monte Verita</subfield></datafield><datafield ind1=" " ind2=" " tag="500"><subfield code="a">Tagung, vom 6. bis 8. Juni 1994 auf dem Monte Verità, unter dem Titel &quot;Sozialgeschichte des Radios&quot;</subfield></datafield><datafield ind1=" " ind2=" " tag="500"><subfield code="a">Kolloquium veranst. von der Schweizerischen Landesphonothek zum Thema &quot;Sozialgeschichte des Radios&quot; im Centro Stefano Franscini auf dem Monte Verità, vom 6. bis 8. Juni 1994</subfield></datafield><datafield ind1=" " ind2=" " tag="500"><subfield code="a">Dt., franz. und ital. Beitr</subfield></datafield><datafield ind1=" " ind2=" " tag="500"><subfield code="a">Contiene i contributi del convegno tenutosi al Centro Stefano Franscini del Monte Verità di Ascona dal 6 all'8 giugno 1994</subfield></datafield><datafield ind1=" " ind2=" " tag="500"><subfield code="a">Contributi in lingua originale tedesca, francese e italiana</subfield></datafield><datafield ind1=" " ind2=" " tag="500"><subfield code="a">Deutsche, franz. und ital. Beiträge</subfield></datafield><datafield ind1=" " ind2=" " tag="500"><subfield code="a">Beiträge einer Tagung auf dem Monte Verità, Juni 1994</subfield></datafield><datafield ind1="0" ind2="0" tag="505"><subfield code="g">p. 13-26</subfield><subfield code="t">Domande alla storia della radio</subfield><subfield code="r">Raffaello Ceschi</subfield></datafield><datafield ind1="0" ind2="0" tag="505"><subfield code="g">p. 149-180</subfield><subfield code="t">&lt;&lt;L'&gt;&gt; eterogeneità allo specchio</subfield><subfield code="r">Carlo Piccardi</subfield></datafield><datafield ind1=" " ind2=" " tag="520"><subfield code="a">Aufsätze zur Geschichte des Radios in der Schweiz und im Ausland</subfield><subfield code="5">IDSBB/B429</subfield></datafield><datafield ind1=" " ind2="7" tag="650"><subfield code="a">Radio</subfield><subfield code="y">Geschichte</subfield><subfield code="v">Kongressbericht</subfield><subfield code="2">idsbb</subfield></datafield><datafield ind1=" " ind2="7" tag="650"><subfield code="a">Hörfunk</subfield><subfield code="2">idszbz</subfield></datafield><datafield ind1=" " ind2="0" tag="650"><subfield code="a">Radio</subfield><subfield code="x">Social aspects</subfield><subfield code="z">Europe</subfield><subfield code="v">Congresses</subfield></datafield><datafield ind1=" " ind2="0" tag="650"><subfield code="a">Radio</subfield><subfield code="z">Europe</subfield><subfield code="x">History</subfield><subfield code="v">Congresses</subfield></datafield><datafield ind1=" " ind2="7" tag="650"><subfield code="a">RUNDFUNK (NACHRICHTENWESEN)</subfield><subfield code="9">ger</subfield><subfield code="0">(ETHUDK)000032277</subfield><subfield code="2">ethudk</subfield></datafield><datafield ind1=" " ind2="7" tag="650"><subfield code="a">SOZIALGESCHICHTE (SOZIALWISSENSCHAFTEN)</subfield><subfield code="9">ger</subfield><subfield code="0">(ETHUDK)000010070</subfield><subfield code="2">ethudk</subfield></datafield><datafield ind1=" " ind2="7" tag="650"><subfield code="a">Radiodiffusion</subfield><subfield code="0">(IDREF)027599701</subfield><subfield code="2">idref</subfield></datafield><datafield ind1=" " ind2="7" tag="650"><subfield code="a">Histoire</subfield><subfield code="0">(IDREF)02726470X</subfield><subfield code="2">idref</subfield></datafield><datafield ind1=" " ind2="7" tag="650"><subfield code="a">Radio</subfield><subfield code="x">Storia sociale</subfield><subfield code="z">Europa</subfield><subfield code="x">Atti di congressi</subfield><subfield code="2">sbt12</subfield></datafield><datafield ind1=" " ind2="7" tag="650"><subfield code="a">Hörfunk</subfield><subfield code="0">(DE-588)4025408-2</subfield><subfield code="2">gnd</subfield></datafield><datafield ind1=" " ind2="7" tag="650"><subfield code="a">Sozialgeschichte</subfield><subfield code="0">(DE-588)4055772-8</subfield><subfield code="2">gnd</subfield></datafield><datafield ind1=" " ind2="7" tag="651"><subfield code="a">Frankreich</subfield><subfield code="0">(DE-588)4018145-5</subfield><subfield code="2">gnd</subfield></datafield><datafield ind1=" " ind2="7" tag="651"><subfield code="a">Italien</subfield><subfield code="0">(DE-588)4027833-5</subfield><subfield code="2">gnd</subfield></datafield><datafield ind1=" " ind2="7" tag="651"><subfield code="a">Monte Verità</subfield><subfield code="0">(DE-588)4074962-9</subfield><subfield code="2">gnd</subfield></datafield><datafield ind1=" " ind2="7" tag="651"><subfield code="a">Schweiz</subfield><subfield code="0">(DE-588)4053881-3</subfield><subfield code="2">gnd</subfield></datafield><datafield ind1=" " ind2="7" tag="651"><subfield code="a">Europe</subfield><subfield code="0">(IDREF)027224651</subfield><subfield code="2">idref</subfield></datafield><datafield ind1=" " ind2="7" tag="655"><subfield code="a">Konferenzschrift</subfield><subfield code="z">Monte Verità</subfield><subfield code="y">1994</subfield><subfield code="2">gnd-content</subfield></datafield><datafield ind1=" " ind2="7" tag="655"><subfield code="a">Aufsatzsammlung</subfield><subfield code="2">idszbz</subfield></datafield><datafield ind1=" " ind2="7" tag="655"><subfield code="a">Actes de congrès</subfield><subfield code="0">(IDREF)02886431X</subfield><subfield code="2">idref</subfield></datafield><datafield ind1=" " ind2="7" tag="655"><subfield code="a">Konferenzschrift</subfield><subfield code="z">Monte Verità</subfield><subfield code="y">1993</subfield><subfield code="2">gnd-content</subfield></datafield><datafield ind1=" " ind2=" " tag="690"><subfield code="a">Radio, Geschichte, Schweiz</subfield><subfield code="2">ubs-A6</subfield></datafield><datafield ind1=" " ind2=" " tag="690"><subfield code="a">Radio. Geschichte. A.</subfield><subfield code="2">rzs-L1</subfield></datafield><datafield ind1=" " ind2=" " tag="690"><subfield code="a">Sozialgeschichte, B: Radio</subfield><subfield code="2">rzs-L1</subfield></datafield><datafield ind1=" " ind2=" " tag="691"><subfield code="e">302.2344</subfield><subfield code="a">Media (mezzi di comunicazione). Radio</subfield><subfield code="2">usi-TE</subfield></datafield><datafield ind1="1" ind2=" " tag="700"><subfield code="a">Mäusli, Theo</subfield><subfield code="d">1960-</subfield><subfield code="6">880-02</subfield><subfield code="0">(DE-588)172873495</subfield></datafield><datafield ind1="1" ind2=" " tag="880"><subfield code="6">700-02</subfield><subfield code="a">Mäusli, Théo</subfield><subfield code="d">1960</subfield><subfield code="0">(IDREF)136882110</subfield></datafield><datafield ind1="2" ind2=" " tag="710"><subfield code="a">Fonoteca nazionale svizzera</subfield><subfield code="0">(DE-588)2141309-5</subfield></datafield><datafield ind1="2" ind2=" " tag="711"><subfield code="a">Sozialgeschichte des Radios</subfield><subfield code="g">Veranstaltung</subfield><subfield code="d">1994</subfield><subfield code="c">Monte Verità</subfield><subfield code="0">(DE-588)1091435847</subfield></datafield><datafield ind1=" " ind2="0" tag="830"><subfield code="a">Colloqui del Monte Verità</subfield><subfield code="w">(RERO)1974978-41slsp</subfield></datafield><datafield ind1=" " ind2="0" tag="830"><subfield code="a">Colloqui del Monte Verità</subfield><subfield code="w">(SBT)000021936SBT01</subfield></datafield><datafield ind1=" " ind2=" " tag="900"><subfield code="a">IDSZ1ZH</subfield></datafield><datafield ind1=" " ind2=" " tag="900"><subfield code="a">REROnoselfmerge</subfield></datafield></record>
</metadata></record>