<record><header><identifier>oai:alma.41SLSP_UGE:991000784809705502</identifier><datestamp>2023-04-08T00:23:10Z</datestamp><setSpec>uge_bcen_RapidILL_BOOK</setSpec><setSpec>uge_aaca_RapidILL_BOOK</setSpec><setSpec>uge_abels_RapidILL_BOOK</setSpec><setSpec>uge_dbu_RapidILL_BOOK</setSpec><setSpec>uge_cmu_RapidILL_BOOK</setSpec><setSpec>uge_mail_RapidILL_BOOK</setSpec><setSpec>uge_abbat_RapidILL_BOOK</setSpec><setSpec>UNIGE_ALL</setSpec><setSpec>uge_acar_RapidILL_BOOK</setSpec><setSpec>uge_aobs_RapidILL_BOOK</setSpec></header><metadata>
<record xmlns="http://www.loc.gov/MARC21/slim" xmlns:xsi="http://www.w3.org/2001/XMLSchema-instance" xsi:schemaLocation="http://www.loc.gov/MARC21/slim http://www.loc.gov/standards/marcxml/schema/MARC21slim.xsd"><leader>01284nam a22003612c 4500</leader><controlfield tag="001">991000784809705502</controlfield><controlfield tag="005">20230407205959.0</controlfield><controlfield tag="008">201012s1976    xxk           001 0 eng  </controlfield><datafield ind1=" " ind2=" " tag="020"><subfield code="a">0715606913</subfield></datafield><datafield ind1=" " ind2=" " tag="035"><subfield code="a">(swissbib)241599415-41slsp_network</subfield></datafield><datafield ind1=" " ind2=" " tag="035"><subfield code="a">241599415</subfield><subfield code="9">ExL</subfield></datafield><datafield ind1=" " ind2=" " tag="035"><subfield code="a">(NEBIS)002607101EBI01</subfield></datafield><datafield ind1=" " ind2=" " tag="035"><subfield code="a">(RERO)1842531-41slsp</subfield></datafield><datafield ind1=" " ind2=" " tag="035"><subfield code="a">(EXLNZ-41SLSP_NETWORK)991089426899705501</subfield></datafield><datafield ind1=" " ind2=" " tag="040"><subfield code="a">Dobis/Libis UZH</subfield><subfield code="d">CH-ZuSLS</subfield></datafield><datafield ind1=" " ind2="7" tag="072"><subfield code="a">ph</subfield><subfield code="2">rero</subfield></datafield><datafield ind1=" " ind2="7" tag="072"><subfield code="a">lg</subfield><subfield code="2">rero</subfield></datafield><datafield ind1="1" ind2=" " tag="100"><subfield code="a">Prior, Arthur N.</subfield><subfield code="d">1914-1969</subfield><subfield code="0">(DE-588)119432897</subfield></datafield><datafield ind1="1" ind2="0" tag="245"><subfield code="a">&lt;&lt;The&gt;&gt; doctrine of propositions and terms</subfield><subfield code="c">A. N. Prior ; ed. by P. T. Geach and A. J. P. Kenny</subfield></datafield><datafield ind1=" " ind2="1" tag="264"><subfield code="a">London</subfield><subfield code="b">Duckworth</subfield><subfield code="c">1976</subfield></datafield><datafield ind1=" " ind2=" " tag="300"><subfield code="a">143 p.</subfield><subfield code="c">23 cm</subfield></datafield><datafield ind1=" " ind2=" " tag="336"><subfield code="b">txt</subfield><subfield code="2">rdacontent</subfield></datafield><datafield ind1=" " ind2=" " tag="337"><subfield code="b">n</subfield><subfield code="2">rdamedia</subfield></datafield><datafield ind1=" " ind2=" " tag="338"><subfield code="b">nc</subfield><subfield code="2">rdacarrier</subfield></datafield><datafield ind1=" " ind2="7" tag="650"><subfield code="a">Logique</subfield><subfield code="0">(IDREF)027284263</subfield><subfield code="2">idref</subfield></datafield><datafield ind1=" " ind2="7" tag="650"><subfield code="a">Philosophie du langage</subfield><subfield code="0">(IDREF)027236250</subfield><subfield code="2">idref</subfield></datafield><datafield ind1=" " ind2="7" tag="650"><subfield code="a">Prédicat (logique)</subfield><subfield code="0">(IDREF)027301273</subfield><subfield code="2">idref</subfield></datafield><datafield ind1=" " ind2="7" tag="650"><subfield code="a">Proposition (logique)</subfield><subfield code="0">(IDREF)027556131</subfield><subfield code="2">idref</subfield></datafield><datafield ind1="1" ind2=" " tag="700"><subfield code="a">Prior, Arthur Norman</subfield><subfield code="0">(RERO)A003712529</subfield><subfield code="4">cre</subfield></datafield><datafield ind1="1" ind2=" " tag="700"><subfield code="a">Geach, Peter Thomas</subfield><subfield code="0">(RERO)A003284840</subfield></datafield><datafield ind1="1" ind2=" " tag="700"><subfield code="a">Geach, P. T.</subfield><subfield code="d">1916-2013</subfield><subfield code="0">(DE-588)119000954</subfield></datafield><datafield ind1="1" ind2=" " tag="700"><subfield code="a">Kenny, Anthony</subfield><subfield code="d">1931-</subfield><subfield code="0">(DE-588)119516640</subfield></datafield><datafield ind1=" " ind2=" " tag="900"><subfield code="a">IDSERMedeaSOZARCH</subfield></datafield><datafield ind1=" " ind2=" " tag="900"><subfield code="a">REROnoselfmerge</subfield></datafield></record>
</metadata></record>