<record><header><identifier>oai:alma.41SLSP_UGE:991000784479705502</identifier><datestamp>2023-03-27T00:12:12Z</datestamp><setSpec>uge_bcen_RapidILL_BOOK</setSpec><setSpec>uge_aaca_RapidILL_BOOK</setSpec><setSpec>uge_abels_RapidILL_BOOK</setSpec><setSpec>uge_dbu_RapidILL_BOOK</setSpec><setSpec>uge_cmu_RapidILL_BOOK</setSpec><setSpec>uge_mail_RapidILL_BOOK</setSpec><setSpec>uge_abbat_RapidILL_BOOK</setSpec><setSpec>UNIGE_ALL</setSpec><setSpec>uge_acar_RapidILL_BOOK</setSpec><setSpec>uge_aobs_RapidILL_BOOK</setSpec></header><metadata>
<record xmlns="http://www.loc.gov/MARC21/slim" xmlns:xsi="http://www.w3.org/2001/XMLSchema-instance" xsi:schemaLocation="http://www.loc.gov/MARC21/slim http://www.loc.gov/standards/marcxml/schema/MARC21slim.xsd"><leader>03836nam a2200841uc 4500</leader><controlfield tag="001">991000784479705502</controlfield><controlfield tag="005">20230325201947.0</controlfield><controlfield tag="008">201011s1976    sz     |      10| ||ger|d</controlfield><datafield ind1=" " ind2=" " tag="020"><subfield code="a">3764308931</subfield></datafield><datafield ind1=" " ind2=" " tag="027"><subfield code="a">ISR-32</subfield></datafield><datafield ind1=" " ind2=" " tag="035"><subfield code="a">(swissbib)224546007-41slsp_network</subfield></datafield><datafield ind1=" " ind2=" " tag="035"><subfield code="a">224546007</subfield><subfield code="9">ExL</subfield></datafield><datafield ind1=" " ind2=" " tag="035"><subfield code="a">(NEBIS)000280425EBI01</subfield></datafield><datafield ind1=" " ind2=" " tag="035"><subfield code="a">(IDSBB)000482533DSV01</subfield></datafield><datafield ind1=" " ind2=" " tag="035"><subfield code="a">(RERO)R277251060-41slsp</subfield></datafield><datafield ind1=" " ind2=" " tag="035"><subfield code="a">(IDSSG)000490848HSB01</subfield></datafield><datafield ind1=" " ind2=" " tag="035"><subfield code="a">(EXLNZ-41SLSP_NETWORK)991113897969705501</subfield></datafield><datafield ind1=" " ind2=" " tag="040"><subfield code="a">ETH-BIB</subfield><subfield code="b">ger</subfield><subfield code="e">ETHICS-ISBD</subfield><subfield code="d">CH-ZuSLS</subfield></datafield><datafield ind1="0" ind2=" " tag="041"><subfield code="a">ger</subfield><subfield code="a">eng</subfield><subfield code="a">fre</subfield></datafield><datafield ind1=" " ind2=" " tag="044"><subfield code="a">sz</subfield><subfield code="c">ch-bs</subfield></datafield><datafield ind1=" " ind2="7" tag="072"><subfield code="a">nw</subfield><subfield code="2">SzZuIDS BS/BE</subfield></datafield><datafield ind1=" " ind2="7" tag="072"><subfield code="a">bw</subfield><subfield code="2">SzZuIDS BS/BE</subfield></datafield><datafield ind1=" " ind2="7" tag="072"><subfield code="a">in</subfield><subfield code="2">rero</subfield></datafield><datafield ind1="0" ind2="0" tag="082"><subfield code="a">003</subfield><subfield code="2">20</subfield></datafield><datafield ind1="1" ind2="4" tag="082"><subfield code="a">500</subfield><subfield code="2">15</subfield></datafield><datafield ind1=" " ind2=" " tag="084"><subfield code="a">MR 5400</subfield><subfield code="2">rvk</subfield></datafield><datafield ind1=" " ind2=" " tag="084"><subfield code="a">QH 400</subfield><subfield code="2">rvk</subfield></datafield><datafield ind1=" " ind2=" " tag="084"><subfield code="a">QH 499</subfield><subfield code="2">rvk</subfield></datafield><datafield ind1=" " ind2=" " tag="084"><subfield code="a">SD 1976</subfield><subfield code="2">rvk</subfield></datafield><datafield ind1="0" ind2="0" tag="245"><subfield code="a">Overlapping tendencies in operations research, systems theory and cybernetics</subfield><subfield code="b">proceedings of an International Symposium (&quot;Systems theory, cybernetics and operations research applied in technique, economy and administration&quot;), Fribourg, Switzerland, October 14-15, 1976</subfield><subfield code="c">ed.: Ernst Billeter, Michel Cuénod, Salomon Klaczko</subfield></datafield><datafield ind1=" " ind2="1" tag="264"><subfield code="a">Basel</subfield><subfield code="b">Birkhäuser</subfield><subfield code="c">1976</subfield></datafield><datafield ind1=" " ind2=" " tag="300"><subfield code="a">83, 569 p.</subfield><subfield code="b">ill.</subfield><subfield code="c">23 cm</subfield></datafield><datafield ind1=" " ind2=" " tag="336"><subfield code="b">txt</subfield><subfield code="2">rdacontent</subfield></datafield><datafield ind1=" " ind2=" " tag="337"><subfield code="b">n</subfield><subfield code="2">rdamedia</subfield></datafield><datafield ind1=" " ind2=" " tag="338"><subfield code="b">nc</subfield><subfield code="2">rdacarrier</subfield></datafield><datafield ind1="1" ind2=" " tag="490"><subfield code="a">Interdisciplinary systems research</subfield><subfield code="v">32</subfield></datafield><datafield ind1="1" ind2=" " tag="490"><subfield code="a">Interdisziplinäre Systemforschung</subfield><subfield code="v">Bd. 32</subfield></datafield><datafield ind1=" " ind2="7" tag="650"><subfield code="a">Kybernetik</subfield><subfield code="0">(DE-588)4033888-5</subfield><subfield code="2">gnd</subfield></datafield><datafield ind1=" " ind2="0" tag="650"><subfield code="a">Operations research</subfield><subfield code="v">Congresses</subfield></datafield><datafield ind1=" " ind2="0" tag="650"><subfield code="a">Operations research</subfield><subfield code="x">Congresses</subfield></datafield><datafield ind1=" " ind2="0" tag="650"><subfield code="a">System theory</subfield><subfield code="v">Congresses</subfield></datafield><datafield ind1=" " ind2="0" tag="650"><subfield code="a">System theory</subfield><subfield code="x">Congresses</subfield></datafield><datafield ind1=" " ind2="7" tag="650"><subfield code="a">ALLGEMEINE SYSTEMFORSCHUNG (KYBERNETIK)</subfield><subfield code="9">ger</subfield><subfield code="0">(ETHUDK)000009081</subfield><subfield code="2">ethudk</subfield></datafield><datafield ind1=" " ind2="7" tag="650"><subfield code="a">KYBERNETISCHE PROBLEME DER ALGORITHMENTHEORIE (THEORIE DER REGELUNGSSYSTEME)</subfield><subfield code="9">ger</subfield><subfield code="0">(ETHUDK)000013782</subfield><subfield code="2">ethudk</subfield></datafield><datafield ind1=" " ind2="7" tag="650"><subfield code="a">OPERATIONS RESEARCH</subfield><subfield code="9">ger</subfield><subfield code="0">(ETHUDK)000013835</subfield><subfield code="2">ethudk</subfield></datafield><datafield ind1=" " ind2="7" tag="650"><subfield code="a">Operations Research</subfield><subfield code="0">(DE-588)4043586-6</subfield><subfield code="2">gnd</subfield></datafield><datafield ind1=" " ind2="7" tag="650"><subfield code="a">Systemtheorie</subfield><subfield code="0">(DE-588)4058812-9</subfield><subfield code="2">gnd</subfield></datafield><datafield ind1=" " ind2="7" tag="650"><subfield code="a">Entscheidung</subfield><subfield code="0">(DE-STW)15466-0</subfield><subfield code="2">stw</subfield></datafield><datafield ind1=" " ind2="7" tag="650"><subfield code="a">Informationsmanagement</subfield><subfield code="0">(DE-STW)18017-0</subfield><subfield code="2">stw</subfield></datafield><datafield ind1=" " ind2="7" tag="650"><subfield code="a">IT-Berufe</subfield><subfield code="0">(DE-STW)13987-3</subfield><subfield code="2">stw</subfield></datafield><datafield ind1=" " ind2="7" tag="650"><subfield code="a">Softwareindustrie</subfield><subfield code="0">(DE-STW)13390-3</subfield><subfield code="2">stw</subfield></datafield><datafield ind1=" " ind2="7" tag="650"><subfield code="a">Recherche opérationnelle</subfield><subfield code="0">(IDREF)027352951</subfield><subfield code="2">idref</subfield></datafield><datafield ind1=" " ind2="7" tag="650"><subfield code="a">Cybernétique</subfield><subfield code="0">(IDREF)027812375</subfield><subfield code="2">idref</subfield></datafield><datafield ind1=" " ind2="7" tag="650"><subfield code="a">Systèmes, Théorie des</subfield><subfield code="0">(IDREF)027263479</subfield><subfield code="2">idref</subfield></datafield><datafield ind1=" " ind2="7" tag="655"><subfield code="a">Konferenzschrift</subfield><subfield code="z">Fribourg</subfield><subfield code="y">1976</subfield><subfield code="2">gnd-content</subfield></datafield><datafield ind1=" " ind2="7" tag="655"><subfield code="a">Konferenzschrift</subfield><subfield code="z">Freiburg im Üechtland</subfield><subfield code="y">1976</subfield><subfield code="2">gnd-content</subfield></datafield><datafield ind1=" " ind2="7" tag="655"><subfield code="a">Actes de congrès</subfield><subfield code="0">(IDREF)02886431X</subfield><subfield code="2">idref</subfield></datafield><datafield ind1=" " ind2="7" tag="655"><subfield code="a">Konferenzschrift</subfield><subfield code="z">Freiburg im �echtland</subfield><subfield code="y">1976</subfield><subfield code="2">gnd-content</subfield></datafield><datafield ind1=" " ind2=" " tag="690"><subfield code="a">Kybernetik / Kongresse, Konferenzen, Symposien</subfield><subfield code="2">uzb-Z9</subfield></datafield><datafield ind1=" " ind2=" " tag="690"><subfield code="a">Operations research / Kongresse, Konferenzen, Symposien</subfield><subfield code="2">uzb-Z9</subfield></datafield><datafield ind1=" " ind2=" " tag="690"><subfield code="a">Systemtheorie / Kongresse, Konferenzen, Symposien</subfield><subfield code="2">uzb-Z9</subfield></datafield><datafield ind1="1" ind2=" " tag="700"><subfield code="a">Cuénod, Michel</subfield><subfield code="d">1933-</subfield><subfield code="0">(DE-588)1046578677</subfield></datafield><datafield ind1="1" ind2=" " tag="700"><subfield code="a">Cuénod, Michel</subfield></datafield><datafield ind1="1" ind2=" " tag="700"><subfield code="a">Klaczko-Ryndziun, Salomón</subfield></datafield><datafield ind1="1" ind2=" " tag="700"><subfield code="a">Cuénod, Michel A.</subfield><subfield code="d">1918-</subfield><subfield code="0">(DE-588)127379045</subfield></datafield><datafield ind1="1" ind2=" " tag="700"><subfield code="a">Klaczko-Ryndziun, Salomón</subfield><subfield code="0">(DE-588)1158785682</subfield><subfield code="6">880-03</subfield></datafield><datafield ind1="1" ind2=" " tag="880"><subfield code="a">Klaczko-Ryndziun, Salomón</subfield><subfield code="0">(DE-588)108347605</subfield><subfield code="6">700-03</subfield></datafield><datafield ind1="1" ind2=" " tag="700"><subfield code="a">Billeter, Ernst P.</subfield><subfield code="d">1919-2002</subfield><subfield code="0">(DE-588)121512673</subfield><subfield code="6">880-04</subfield></datafield><datafield ind1="1" ind2=" " tag="880"><subfield code="6">700-04</subfield><subfield code="a">Billeter, Ernst</subfield><subfield code="0">(IDREF)083967192</subfield></datafield><datafield ind1="2" ind2=" " tag="711"><subfield code="a">International Symposium Systems Theory, Cybernetics and Operations Research Applied in Technique, Economy and Administration</subfield><subfield code="d">1976</subfield><subfield code="c">Fribourg</subfield><subfield code="0">(DE-588)242235-9</subfield></datafield><datafield ind1=" " ind2=" " tag="830"><subfield code="a">Interdisciplinary systems research</subfield><subfield code="v">32</subfield><subfield code="w">(RERO)0061875-41slsp</subfield></datafield><datafield ind1=" " ind2=" " tag="830"><subfield code="a">Interdisziplinäre Systemforschung</subfield><subfield code="v">32</subfield><subfield code="w">(IDSSG)000027247HSB01</subfield></datafield><datafield ind1=" " ind2=" " tag="830"><subfield code="a">ISR</subfield><subfield code="v">32</subfield><subfield code="w">(NEBIS)000988292EBI01</subfield></datafield><datafield ind1=" " ind2=" " tag="900"><subfield code="a">REROnoselfmerge</subfield></datafield></record>
</metadata></record>