<record><header><identifier>oai:alma.41SLSP_UGE:991000784689705502</identifier><datestamp>2023-04-08T00:24:57Z</datestamp><setSpec>uge_bcen_RapidILL_BOOK</setSpec><setSpec>uge_aaca_RapidILL_BOOK</setSpec><setSpec>uge_abels_RapidILL_BOOK</setSpec><setSpec>uge_dbu_RapidILL_BOOK</setSpec><setSpec>uge_cmu_RapidILL_BOOK</setSpec><setSpec>uge_mail_RapidILL_BOOK</setSpec><setSpec>uge_abbat_RapidILL_BOOK</setSpec><setSpec>UNIGE_ALL</setSpec><setSpec>uge_acar_RapidILL_BOOK</setSpec><setSpec>uge_aobs_RapidILL_BOOK</setSpec></header><metadata>
<record xmlns="http://www.loc.gov/MARC21/slim" xmlns:xsi="http://www.w3.org/2001/XMLSchema-instance" xsi:schemaLocation="http://www.loc.gov/MARC21/slim http://www.loc.gov/standards/marcxml/schema/MARC21slim.xsd"><leader>02169nam a2200457uc 4500</leader><controlfield tag="001">991000784689705502</controlfield><controlfield tag="005">20230407201452.0</controlfield><controlfield tag="008">201012s1973    ne            10| | eng|d</controlfield><datafield ind1=" " ind2=" " tag="010"><subfield code="a">72092526</subfield></datafield><datafield ind1=" " ind2=" " tag="020"><subfield code="a">9027703035</subfield></datafield><datafield ind1=" " ind2=" " tag="035"><subfield code="a">(swissbib)235137529-41slsp_network</subfield></datafield><datafield ind1=" " ind2=" " tag="035"><subfield code="a">235137529</subfield><subfield code="9">ExL</subfield></datafield><datafield ind1=" " ind2=" " tag="035"><subfield code="a">(NEBIS)000350854EBI01</subfield></datafield><datafield ind1=" " ind2=" " tag="035"><subfield code="a">(RERO)1181237-41slsp</subfield></datafield><datafield ind1=" " ind2=" " tag="035"><subfield code="a">(EXLNZ-41SLSP_NETWORK)991086587769705501</subfield></datafield><datafield ind1=" " ind2=" " tag="040"><subfield code="a">ETH-BIB</subfield><subfield code="b">ger</subfield><subfield code="e">ETHICS-ISBD</subfield><subfield code="d">CH-ZuSLS</subfield></datafield><datafield ind1=" " ind2="7" tag="072"><subfield code="a">as</subfield><subfield code="2">rero</subfield></datafield><datafield ind1="0" ind2="0" tag="245"><subfield code="a">X- and gamma-ray astronomy</subfield><subfield code="b">symposium, held in Madrid, Spain, 11-13 May 1972</subfield><subfield code="c">ed. by H. Bradt and R. Giacconi</subfield></datafield><datafield ind1=" " ind2="1" tag="264"><subfield code="a">Dordrecht</subfield><subfield code="b">Reidel</subfield><subfield code="c">1973</subfield></datafield><datafield ind1=" " ind2=" " tag="300"><subfield code="a">X, 323 S.</subfield><subfield code="c">25 cm</subfield><subfield code="b">Ill.</subfield></datafield><datafield ind1=" " ind2=" " tag="336"><subfield code="b">txt</subfield><subfield code="2">rdacontent</subfield></datafield><datafield ind1=" " ind2=" " tag="337"><subfield code="b">n</subfield><subfield code="2">rdamedia</subfield></datafield><datafield ind1=" " ind2=" " tag="338"><subfield code="b">nc</subfield><subfield code="2">rdacarrier</subfield></datafield><datafield ind1="1" ind2=" " tag="490"><subfield code="a">Symposium / International Astronomical Union</subfield><subfield code="v">no. 55</subfield></datafield><datafield ind1=" " ind2=" " tag="500"><subfield code="a">Anlasstitel: IAU Symposium on &quot;X-Ray and-Gamma Ray Astronomy&quot;. - Das Symposium wurde anlässlich des &quot;15th Plenary Meeting of COSPAR&quot; abgehalten</subfield></datafield><datafield ind1=" " ind2="7" tag="650"><subfield code="a">GAMMAASTROPHYSIK</subfield><subfield code="9">ger</subfield><subfield code="0">(ETHUDK)000013920</subfield><subfield code="2">ethudk</subfield></datafield><datafield ind1=" " ind2="7" tag="650"><subfield code="a">RÖNTGENASTROPHYSIK</subfield><subfield code="9">ger</subfield><subfield code="0">(ETHUDK)000013921</subfield><subfield code="2">ethudk</subfield></datafield><datafield ind1=" " ind2="7" tag="650"><subfield code="a">Rayons X</subfield><subfield code="0">(IDREF)027480097</subfield><subfield code="2">idref</subfield></datafield><datafield ind1=" " ind2="7" tag="650"><subfield code="a">Astronomie</subfield><subfield code="0">(IDREF)027220354</subfield><subfield code="2">idref</subfield></datafield><datafield ind1=" " ind2="7" tag="650"><subfield code="a">Rayons gamma</subfield><subfield code="0">(IDREF)027807517</subfield><subfield code="2">idref</subfield></datafield><datafield ind1=" " ind2="7" tag="655"><subfield code="a">Konferenzschrift</subfield><subfield code="z">Madrid</subfield><subfield code="y">1972/05</subfield><subfield code="2">gnd-content</subfield></datafield><datafield ind1=" " ind2="7" tag="655"><subfield code="a">Actes de congrès</subfield><subfield code="0">(IDREF)02886431X</subfield><subfield code="2">idref</subfield></datafield><datafield ind1="1" ind2=" " tag="700"><subfield code="a">Bradt, Hale</subfield><subfield code="d">1930-....</subfield><subfield code="0">(IDREF)075779854</subfield></datafield><datafield ind1="1" ind2=" " tag="700"><subfield code="a">Bradt, Hale Van Dorn</subfield><subfield code="d">1930-</subfield><subfield code="0">(DE-588)1089233809</subfield></datafield><datafield ind1="2" ind2=" " tag="710"><subfield code="a">Union astronomique internationale</subfield><subfield code="b">Symposium</subfield><subfield code="n">55</subfield><subfield code="d">1972</subfield><subfield code="c">Madrid</subfield><subfield code="0">(RERO)A012320031</subfield></datafield><datafield ind1="2" ind2=" " tag="710"><subfield code="a">International Astronomical Union</subfield><subfield code="0">(DE-588)1033-9</subfield></datafield><datafield ind1="2" ind2=" " tag="710"><subfield code="a">International Council of Scientific Unions</subfield><subfield code="b">Committee on Space Research</subfield><subfield code="0">(DE-588)703-1</subfield></datafield><datafield ind1="2" ind2=" " tag="711"><subfield code="a">International Council of Scientific Unions</subfield><subfield code="e">Committee on Space Research</subfield><subfield code="e">Plenary Meeting</subfield><subfield code="0">(DE-588)1091871000</subfield></datafield><datafield ind1="2" ind2=" " tag="711"><subfield code="a">IAU Symposium on &quot;X-Ray and-Gamma Ray Astronomy&quot;</subfield><subfield code="d">1972</subfield><subfield code="c">Madrid</subfield><subfield code="0">(DE-588)1091471924</subfield></datafield><datafield ind1="2" ind2=" " tag="711"><subfield code="a">International Council of Scientific Unions</subfield><subfield code="e">Committee on Space Research</subfield><subfield code="e">Plenary Meeting</subfield></datafield><datafield ind1=" " ind2=" " tag="830"><subfield code="a">Symposium</subfield><subfield code="v">55</subfield><subfield code="w">(NEBIS)001470113EBI01</subfield></datafield><datafield ind1=" " ind2=" " tag="900"><subfield code="a">REROnoselfmerge</subfield></datafield><datafield ind1=" " ind2=" " tag="961"><subfield code="2">ge-obs</subfield><subfield code="a">20.16</subfield><subfield code="9">LOCAL</subfield></datafield><datafield ind1=" " ind2=" " tag="961"><subfield code="2">ge-obs</subfield><subfield code="a">20.15</subfield><subfield code="9">LOCAL</subfield></datafield><datafield ind1=" " ind2=" " tag="961"><subfield code="2">ge-obs</subfield><subfield code="a">21.1</subfield><subfield code="9">LOCAL</subfield></datafield></record>
</metadata></record>