<record><header><identifier>oai:alma.41SLSP_UGE:991000784169705502</identifier><datestamp>2023-03-01T01:10:10Z</datestamp><setSpec>uge_bcen_RapidILL_BOOK</setSpec><setSpec>uge_aaca_RapidILL_BOOK</setSpec><setSpec>uge_abels_RapidILL_BOOK</setSpec><setSpec>uge_dbu_RapidILL_BOOK</setSpec><setSpec>uge_cmu_RapidILL_BOOK</setSpec><setSpec>uge_mail_RapidILL_BOOK</setSpec><setSpec>UNIGE_ALL</setSpec><setSpec>uge_abbat_RapidILL_BOOK</setSpec><setSpec>uge_acar_RapidILL_BOOK</setSpec><setSpec>uge_aobs_RapidILL_BOOK</setSpec></header><metadata>
<record xmlns="http://www.loc.gov/MARC21/slim" xmlns:xsi="http://www.w3.org/2001/XMLSchema-instance" xsi:schemaLocation="http://www.loc.gov/MARC21/slim http://www.loc.gov/standards/marcxml/schema/MARC21slim.xsd"><leader>02583nam a2200517 c 4500</leader><controlfield tag="001">991000784169705502</controlfield><controlfield tag="005">20230210184230.0</controlfield><controlfield tag="008">201011s2003    fr ||||| |||| 00| ||fre d</controlfield><datafield ind1=" " ind2=" " tag="020"><subfield code="a">2707137545</subfield></datafield><datafield ind1="7" ind2=" " tag="024"><subfield code="a">http://catalogue.bnf.fr/ark:/12148/cb39073163z</subfield><subfield code="2">uri</subfield></datafield><datafield ind1=" " ind2=" " tag="035"><subfield code="a">(swissbib)222474696-41slsp_network</subfield></datafield><datafield ind1=" " ind2=" " tag="035"><subfield code="a">222474696</subfield><subfield code="9">ExL</subfield></datafield><datafield ind1=" " ind2=" " tag="035"><subfield code="a">(RERO)R003526131-41slsp</subfield></datafield><datafield ind1=" " ind2=" " tag="035"><subfield code="a">(NEBIS)004635695EBI01</subfield></datafield><datafield ind1=" " ind2=" " tag="035"><subfield code="a">(EXLNZ-41SLSP_NETWORK)991012852229705501</subfield></datafield><datafield ind1=" " ind2=" " tag="040"><subfield code="a">RERO frbcuc</subfield><subfield code="d">CH-ZuSLS</subfield></datafield><datafield ind1=" " ind2="7" tag="072"><subfield code="a">ht</subfield><subfield code="2">rero</subfield></datafield><datafield ind1="0" ind2="4" tag="082"><subfield code="a">301.4493</subfield><subfield code="b">B255</subfield><subfield code="2">18</subfield></datafield><datafield ind1="1" ind2="4" tag="082"><subfield code="a">300</subfield><subfield code="2">1</subfield></datafield><datafield ind1="1" ind2=" " tag="100"><subfield code="a">Benot, Yves</subfield><subfield code="d">1920-2005</subfield><subfield code="0">(IDREF)026718766</subfield><subfield code="4">cre</subfield></datafield><datafield ind1="1" ind2="0" tag="245"><subfield code="a">&lt;&lt;La&gt;&gt; modernité de l'esclavage</subfield><subfield code="b">essai sur la servitude au coeur du capitalisme</subfield><subfield code="c">Yves Benot</subfield></datafield><datafield ind1=" " ind2="1" tag="264"><subfield code="a">Paris</subfield><subfield code="b">Éditions La Découverte</subfield><subfield code="c">2003</subfield></datafield><datafield ind1=" " ind2=" " tag="300"><subfield code="a">295 p.</subfield><subfield code="c">22 cm</subfield></datafield><datafield ind1=" " ind2=" " tag="336"><subfield code="b">txt</subfield><subfield code="2">rdacontent</subfield></datafield><datafield ind1=" " ind2=" " tag="337"><subfield code="b">n</subfield><subfield code="2">rdamedia</subfield></datafield><datafield ind1=" " ind2=" " tag="338"><subfield code="b">nc</subfield><subfield code="2">rdacarrier</subfield></datafield><datafield ind1="1" ind2=" " tag="490"><subfield code="a">Textes à l'appui. Histoire contemporaine</subfield></datafield><datafield ind1="0" ind2=" " tag="490"><subfield code="a">Textes à l'appui</subfield></datafield><datafield ind1="0" ind2=" " tag="490"><subfield code="a">Série histoire contemporaine</subfield></datafield><datafield ind1=" " ind2=" " tag="504"><subfield code="a">Bibliographie sommaire: p. 279-[281]</subfield></datafield><datafield ind1=" " ind2=" " tag="504"><subfield code="a">Index.</subfield></datafield><datafield ind1="8" ind2=" " tag="520"><subfield code="a">Extrait de la couverture : &quot;En mai 2001, la France adoptait une loi reconnaissant la traite et l'esclavage des Noirs comme crime contre l'humanité. En septembre de la même année, dans la déclaration de Durban, l'ensemble des pays de l'ONU reprenait cette condamnation. Dans les deux cas, les débats qui ont conduit à l'adoption de ces textes ont révélé une sorte de souffrance rétroactive, qui taraude encore. Comment expliquer, en effet, que des sociétés brillantes et humanistes aient pu si longtemps tolérer l'esclavage ? Cette interrogation est à l'origine du présent essai, qui explore les liens entre l'histoire de l'esclavage dans le monde moderne et la difficile reconnaissance des droits de l'homme depuis le XVIe siècle.&quot;</subfield><subfield code="5">RERO/geiued/12.2005</subfield></datafield><datafield ind1=" " ind2="7" tag="648"><subfield code="a">Geschichte</subfield><subfield code="2">idszbz</subfield></datafield><datafield ind1=" " ind2="7" tag="650"><subfield code="a">Esclavage</subfield><subfield code="0">(IDREF)027224295</subfield><subfield code="2">idref</subfield></datafield><datafield ind1=" " ind2="7" tag="650"><subfield code="a">2500 av. J.-C.-20e siècle</subfield><subfield code="0">(RERO)A026984216</subfield><subfield code="2">rero</subfield></datafield><datafield ind1=" " ind2="7" tag="650"><subfield code="a">Antiquité</subfield><subfield code="0">(IDREF)027789888</subfield><subfield code="2">idref</subfield></datafield><datafield ind1=" " ind2="7" tag="650"><subfield code="a">Kapitalismus</subfield><subfield code="2">idszbz</subfield></datafield><datafield ind1=" " ind2="7" tag="650"><subfield code="a">Sklaverei</subfield><subfield code="2">idszbz</subfield></datafield><datafield ind1=" " ind2="7" tag="650"><subfield code="a">Geschichte</subfield><subfield code="0">(DE-588)4020517-4</subfield><subfield code="2">gnd</subfield></datafield><datafield ind1=" " ind2="7" tag="650"><subfield code="a">Kapitalismus</subfield><subfield code="0">(DE-588)4029577-1</subfield><subfield code="2">gnd</subfield></datafield><datafield ind1=" " ind2="7" tag="650"><subfield code="a">Sklaverei</subfield><subfield code="0">(DE-588)4055260-3</subfield><subfield code="2">gnd</subfield></datafield><datafield ind1=" " ind2="0" tag="650"><subfield code="a">Capitalism</subfield></datafield><datafield ind1=" " ind2="0" tag="650"><subfield code="a">Exploitation</subfield></datafield><datafield ind1=" " ind2="0" tag="650"><subfield code="a">Slavery</subfield><subfield code="x">History</subfield></datafield><datafield ind1=" " ind2=" " tag="830"><subfield code="a">Textes à l'appui</subfield><subfield code="p">Série d'histoire contemporaine</subfield><subfield code="w">(RERO)0018676-41slsp</subfield></datafield><datafield ind1=" " ind2=" " tag="900"><subfield code="a">REROnoselfmerge</subfield></datafield><datafield ind1=" " ind2=" " tag="900"><subfield code="a">IDSZ2zbzmon200403e</subfield><subfield code="c">IDSZ2schr</subfield><subfield code="d">IDSZ2zbzswk200403b</subfield><subfield code="e">IDSZ2brue</subfield></datafield></record>
</metadata></record>