<record><header><identifier>oai:alma.41SLSP_UGE:991000784379705502</identifier><datestamp>2023-07-01T00:27:38Z</datestamp><setSpec>uge_bcen_RapidILL_BOOK</setSpec><setSpec>uge_aaca_RapidILL_BOOK</setSpec><setSpec>uge_abels_RapidILL_BOOK</setSpec><setSpec>uge_dbu_RapidILL_BOOK</setSpec><setSpec>uge_cmu_RapidILL_BOOK</setSpec><setSpec>uge_mail_RapidILL_BOOK</setSpec><setSpec>uge_abbat_RapidILL_BOOK</setSpec><setSpec>UNIGE_ALL</setSpec><setSpec>uge_acar_RapidILL_BOOK</setSpec><setSpec>uge_aobs_RapidILL_BOOK</setSpec></header><metadata>
<record xmlns="http://www.loc.gov/MARC21/slim" xmlns:xsi="http://www.w3.org/2001/XMLSchema-instance" xsi:schemaLocation="http://www.loc.gov/MARC21/slim http://www.loc.gov/standards/marcxml/schema/MARC21slim.xsd"><leader>06909nam a2201081 c 4500</leader><controlfield tag="001">991000784379705502</controlfield><controlfield tag="005">20230630213120.0</controlfield><controlfield tag="008">201012s2010    sz            10| | ger  </controlfield><datafield ind1=" " ind2=" " tag="019"><subfield code="a">Notices analytiques</subfield><subfield code="5">RERO/geubfd/09.2010</subfield></datafield><datafield ind1=" " ind2=" " tag="020"><subfield code="a">9783719029685</subfield><subfield code="q">Helbing Lichtenhahn</subfield></datafield><datafield ind1=" " ind2=" " tag="020"><subfield code="a">9788881530458</subfield><subfield code="q">CFPG</subfield></datafield><datafield ind1=" " ind2=" " tag="035"><subfield code="a">(swissbib)239036514-41slsp_network</subfield></datafield><datafield ind1=" " ind2=" " tag="035"><subfield code="a">239036514</subfield><subfield code="9">ExL</subfield></datafield><datafield ind1=" " ind2=" " tag="035"><subfield code="a">(IDSBB)005166851DSV01</subfield></datafield><datafield ind1=" " ind2=" " tag="035"><subfield code="a">(RERO)R005390195-41slsp</subfield></datafield><datafield ind1=" " ind2=" " tag="035"><subfield code="a">(IDSLU)000928402ILU01</subfield></datafield><datafield ind1=" " ind2=" " tag="035"><subfield code="a">(NEBIS)006157183EBI01</subfield></datafield><datafield ind1=" " ind2=" " tag="035"><subfield code="a">(IDSSG)000506126HSB01</subfield></datafield><datafield ind1=" " ind2=" " tag="035"><subfield code="a">(SBT)000639757SBT01</subfield></datafield><datafield ind1=" " ind2=" " tag="035"><subfield code="a">(EXLNZ-41SLSP_NETWORK)991123493939705501</subfield></datafield><datafield ind1=" " ind2=" " tag="040"><subfield code="a">SzZuIDS BS/BE B465</subfield><subfield code="e">kids</subfield><subfield code="d">CH-ZuSLS</subfield></datafield><datafield ind1="0" ind2=" " tag="041"><subfield code="a">ita</subfield><subfield code="a">fre</subfield><subfield code="a">ger</subfield></datafield><datafield ind1=" " ind2=" " tag="044"><subfield code="a">sz</subfield><subfield code="c">ch-ti</subfield></datafield><datafield ind1=" " ind2="7" tag="072"><subfield code="a">rw</subfield><subfield code="2">SzZuIDS BS/BE</subfield></datafield><datafield ind1=" " ind2="7" tag="072"><subfield code="a">807</subfield><subfield code="2">IDS LU</subfield></datafield><datafield ind1=" " ind2="7" tag="072"><subfield code="a">830</subfield><subfield code="2">IDS LU</subfield></datafield><datafield ind1=" " ind2="7" tag="072"><subfield code="a">dr</subfield><subfield code="2">rero</subfield></datafield><datafield ind1="1" ind2="4" tag="082"><subfield code="a">340</subfield><subfield code="2">15</subfield></datafield><datafield ind1=" " ind2=" " tag="084"><subfield code="a">CA/CH 12 e</subfield><subfield code="2">cjurrom</subfield></datafield><datafield ind1=" " ind2=" " tag="084"><subfield code="a">CA/CH 98 e</subfield><subfield code="2">cjurrom</subfield></datafield><datafield ind1="0" ind2="0" tag="245"><subfield code="a">&lt;&lt;Il&gt;&gt; codice di diritto processuale penale svizzero</subfield><subfield code="b">45 atti della giornata di studio del 23 ottobre 2009, CFPG</subfield><subfield code="c">Niklaus Schmid ... [et al.]</subfield></datafield><datafield ind1=" " ind2="1" tag="264"><subfield code="a">Lugano</subfield><subfield code="b">Commisione ticinese per la formazione permanente dei giuristi</subfield><subfield code="c">2010</subfield></datafield><datafield ind1=" " ind2=" " tag="300"><subfield code="a">XV, 147 p.</subfield><subfield code="c">23 cm</subfield></datafield><datafield ind1=" " ind2=" " tag="336"><subfield code="b">txt</subfield><subfield code="2">rdacontent</subfield></datafield><datafield ind1=" " ind2=" " tag="337"><subfield code="b">n</subfield><subfield code="2">rdamedia</subfield></datafield><datafield ind1=" " ind2=" " tag="338"><subfield code="b">nc</subfield><subfield code="2">rdacarrier</subfield></datafield><datafield ind1="1" ind2=" " tag="490"><subfield code="a">Atti della giornata di studio / Commissione ticinese per la formazione permanente dei giuristi</subfield><subfield code="v">45</subfield></datafield><datafield ind1="1" ind2=" " tag="490"><subfield code="a">Pubblicati della Commissione Ticinese per la Formazione Permanente dei Giuristi</subfield><subfield code="v">45</subfield></datafield><datafield ind1="1" ind2=" " tag="490"><subfield code="a">Atti della giornata di studio del ... / CFPG</subfield><subfield code="v">45</subfield></datafield><datafield ind1="1" ind2=" " tag="490"><subfield code="a">Collection latine</subfield><subfield code="v">vol. 27</subfield></datafield><datafield ind1=" " ind2=" " tag="500"><subfield code="a">Beitr. ital. und dt.</subfield></datafield><datafield ind1=" " ind2=" " tag="500"><subfield code="a">Textes en italien et allemand</subfield></datafield><datafield ind1=" " ind2=" " tag="500"><subfield code="a">Beiträge italienisch oder deutsch</subfield></datafield><datafield ind1=" " ind2=" " tag="500"><subfield code="a">Beiträge in ital. od. dt. Sprache</subfield></datafield><datafield ind1=" " ind2=" " tag="500"><subfield code="a">Atti della giornata di studio del 23 ottobre 2009</subfield></datafield><datafield ind1=" " ind2=" " tag="500"><subfield code="a">Contributi in italiano, tedesco e francese</subfield></datafield><datafield ind1=" " ind2=" " tag="504"><subfield code="a">Bibliogr.: p. VII-XV</subfield></datafield><datafield ind1=" " ind2=" " tag="520"><subfield code="a">Scopo della pubblicazione è di offrire un'introduzione ampia, ancorché panoramica, sugli aspetti salienti della procedura penale federale. Trattandosi di un argomento &lt;&lt;nuovo&gt;&gt;, si è preferito dare voce a esperti della materia che, da posizioni diverse, ora teoriche ora pratiche, sapessero fornire un avvicinamento immediato e vivente del futuro processo penale.</subfield><subfield code="5">SBT/30.09.2010/BUL/RCG</subfield></datafield><datafield ind1="1" ind2="7" tag="610"><subfield code="a">Schweiz</subfield><subfield code="t">Strafprozessordnung</subfield><subfield code="0">(DE-588)7675181-8</subfield><subfield code="2">gnd</subfield></datafield><datafield ind1=" " ind2="7" tag="650"><subfield code="a">Strafprozess</subfield><subfield code="z">Schweiz</subfield><subfield code="v">Kongressbericht</subfield><subfield code="2">idsbb</subfield></datafield><datafield ind1=" " ind2="7" tag="650"><subfield code="a">Strafprozess</subfield><subfield code="9">ger</subfield><subfield code="0">(RERO)jurivoc000021773ger</subfield><subfield code="2">jurivoc</subfield></datafield><datafield ind1=" " ind2="7" tag="650"><subfield code="a">droit pénal - codification</subfield><subfield code="0">(RERO)A010075836</subfield><subfield code="2">rerovoc</subfield></datafield><datafield ind1=" " ind2="7" tag="650"><subfield code="a">Procédure pénale</subfield><subfield code="0">(IDREF)050575392</subfield><subfield code="2">idref</subfield></datafield><datafield ind1=" " ind2="7" tag="650"><subfield code="a">Rechtsvereinheitlichung</subfield><subfield code="2">idszbz</subfield></datafield><datafield ind1=" " ind2="7" tag="650"><subfield code="a">Reform</subfield><subfield code="2">idszbz</subfield></datafield><datafield ind1=" " ind2="7" tag="650"><subfield code="a">Kongress</subfield><subfield code="0">(DE-588)4130470-6</subfield><subfield code="2">gnd</subfield></datafield><datafield ind1=" " ind2="7" tag="650"><subfield code="a">Strafverfahrensrecht</subfield><subfield code="2">idszbz</subfield></datafield><datafield ind1=" " ind2="7" tag="650"><subfield code="a">Strafverfahrensrecht</subfield><subfield code="0">(DE-588)4116635-8</subfield><subfield code="2">gnd</subfield></datafield><datafield ind1=" " ind2="4" tag="650"><subfield code="a">Codice penale</subfield><subfield code="z">Svizzera</subfield></datafield><datafield ind1=" " ind2="4" tag="650"><subfield code="a">Procedura penale</subfield><subfield code="z">Svizzera</subfield></datafield><datafield ind1=" " ind2="7" tag="651"><subfield code="a">Schweiz</subfield><subfield code="9">ger</subfield><subfield code="0">(RERO)jurivoc000019912ger</subfield><subfield code="2">jurivoc</subfield></datafield><datafield ind1=" " ind2="7" tag="651"><subfield code="a">Suisse</subfield><subfield code="0">(IDREF)027249654</subfield><subfield code="2">idref</subfield></datafield><datafield ind1=" " ind2="7" tag="651"><subfield code="a">Schweiz</subfield><subfield code="0">(DE-588)4053881-3</subfield><subfield code="2">gnd</subfield></datafield><datafield ind1=" " ind2="7" tag="651"><subfield code="a">Schweiz</subfield><subfield code="2">idszbz</subfield></datafield><datafield ind1=" " ind2="7" tag="655"><subfield code="a">Actes de congrès</subfield><subfield code="0">(IDREF)02886431X</subfield><subfield code="2">idref</subfield></datafield><datafield ind1=" " ind2="7" tag="655"><subfield code="a">Aufsatzsammlung</subfield><subfield code="2">idszbz</subfield></datafield><datafield ind1=" " ind2="7" tag="655"><subfield code="a">Konferenzschrift</subfield><subfield code="2">gnd-content</subfield></datafield><datafield ind1=" " ind2="7" tag="655"><subfield code="a">Konferenzschrift</subfield><subfield code="y">2009</subfield><subfield code="2">gnd-content</subfield></datafield><datafield ind1=" " ind2="7" tag="655"><subfield code="a">Konferenzschrift</subfield><subfield code="z">Lugano</subfield><subfield code="y">2009</subfield><subfield code="2">gnd-content</subfield></datafield><datafield ind1=" " ind2=" " tag="690"><subfield code="a">Rechtsprechung; Strafverfahren; Gallo; San; Canton; Hahn</subfield><subfield code="2">idssg-J</subfield></datafield><datafield ind1=" " ind2=" " tag="690"><subfield code="a">Verteidigungsrecht; Lichtenhahn</subfield><subfield code="2">idssg-J</subfield></datafield><datafield ind1=" " ind2=" " tag="690"><subfield code="a">eidgenössische Strafprozessordnung; neue StPO; schweizerische StrafprozessordnungBiography: vicepresidente del Consiglio svizzero della Stampa processo come notizia, -, -</subfield><subfield code="2">idssg-J</subfield></datafield><datafield ind1=" " ind2=" " tag="690"><subfield code="a">China C9CHIN; Schweiz C4EXSI</subfield><subfield code="2">idssg-J</subfield></datafield><datafield ind1=" " ind2=" " tag="690"><subfield code="a">Appello Anticipazione del momento; Appello giurisdizione di reclamo; Appello giurisdizione di reclamo nel Codice di diritto processuale penale svizzero; Autorit obbligo segreto nella; Codice di diritto processuale; Codice di diritto processuale penale svizzero Niklaus Schmid Roy Garr Thomas Hansjakob Mauro Mini; Codificare nel segno della; Collection latine Volume; Cronaca giudiziaria Riprese audiovisive del dibattimento; Della Stampa processo come; Diritto processuale penale; Edy Salmina Avvocato; Gi giudice del Tribunale; Hansjakob Primo procuratore pubblico; Helbing Lichtenhahn Collection latine Volume; Lorenz ERNI Dott; Lorenz Erni Michele Rusca Edy Salmina Commissione; Mauro Mini Presidente della Camera; Michele Rusca Dott; Nel Codice di diritto; Nuova procedura penale federale; Penale federale principi del; Penale svizzero Niklaus; Penale svizzero Niklaus Schmid Roy Garr; Postizzi Avvocato notaio Prefazione; Presidente della Camera; Probatorio ed erosione del; Processuale penale svizzero; Professore emerito nell; Ricorsi penali del Tribunale; Riprese audiovisive del dibattimento; Roy Garr Giudice del; Roy Garr Giudice del Tribunale penale federale principi del diritto processuale penale; Rusca Edy Salmina Commissione; San Gallo; Schmid Roy Garr; Thomas Hansjakob Mauro; Universit di Zurigo; Universit di Zurigo Schweizerische Strafprozessordnung; Vicepresidente del Consiglio svizzero; Vicepresidente del Consiglio svizzero della Stampa processo come notizia</subfield><subfield code="2">idssg-J</subfield></datafield><datafield ind1=" " ind2=" " tag="691"><subfield code="e">PC 98 CH</subfield><subfield code="2">rzs-L1</subfield></datafield><datafield ind1=" " ind2=" " tag="691"><subfield code="e">345.49407</subfield><subfield code="a">Processi. Svizzera</subfield><subfield code="2">usi-TE</subfield></datafield><datafield ind1="1" ind2=" " tag="700"><subfield code="a">Postizzi, Mario</subfield></datafield><datafield ind1="1" ind2=" " tag="700"><subfield code="a">Annovazzi, Mattia</subfield></datafield><datafield ind1="1" ind2=" " tag="700"><subfield code="a">Schmid, Niklaus</subfield><subfield code="d">1936-</subfield><subfield code="0">(DE-588)123016983</subfield><subfield code="6">880-02</subfield></datafield><datafield ind1="1" ind2=" " tag="880"><subfield code="6">700-02</subfield><subfield code="a">Schmid, Niklaus</subfield><subfield code="c">juriste</subfield><subfield code="0">(IDREF)194105520</subfield></datafield><datafield ind1="2" ind2=" " tag="710"><subfield code="a">Commissione ticinese per la formazione permanente dei giuristi</subfield><subfield code="b">Giornata di studio</subfield><subfield code="n">45</subfield><subfield code="d">2009</subfield><subfield code="c">Lugano</subfield><subfield code="0">(RERO)A017422312</subfield></datafield><datafield ind1="1" ind2=" " tag="710"><subfield code="a">Commissione ticinese per la formazione permanente dei giuristi</subfield><subfield code="b">Giornata di studio</subfield><subfield code="d">2009</subfield></datafield><datafield ind1="2" ind2=" " tag="711"><subfield code="a">Commissione ticinese per la formazione permanente dei giuristi</subfield><subfield code="e">Giornata di studio</subfield><subfield code="0">(DE-588)1091766037</subfield></datafield><datafield ind1="4" ind2=" " tag="856"><subfield code="3">Titelblatt und Inhaltsverzeichnis</subfield><subfield code="u">https://toc.library.ethz.ch/objects/pdf/z16_978-3-7190-2968-5_01.pdf</subfield><subfield code="q">pdf</subfield></datafield><datafield ind1=" " ind2="0" tag="830"><subfield code="a">Collection latine</subfield><subfield code="v">27</subfield><subfield code="w">(RERO)R281573060-41slsp</subfield></datafield><datafield ind1=" " ind2="0" tag="830"><subfield code="a">Collection latine</subfield><subfield code="n">Série 3</subfield><subfield code="p">Commissione Ticinese per la Formazione Permanente dei Giuristi</subfield><subfield code="v">27</subfield><subfield code="w">(NEBIS)004085134EBI01</subfield></datafield><datafield ind1=" " ind2="0" tag="830"><subfield code="a">Atti della giornata di studio del ...</subfield><subfield code="v">45</subfield><subfield code="w">(IDSLU)000236329ILU01</subfield></datafield><datafield ind1=" " ind2="0" tag="830"><subfield code="a">Collection latine</subfield><subfield code="v">27</subfield><subfield code="w">(IDSLU)000237318ILU01</subfield></datafield><datafield ind1=" " ind2="0" tag="830"><subfield code="a">Collection latine</subfield><subfield code="v">27</subfield><subfield code="w">(IDSSG)000230568HSB01</subfield></datafield><datafield ind1=" " ind2="0" tag="830"><subfield code="a">Collection latine</subfield><subfield code="v">27</subfield><subfield code="w">(IDSBB)002225209DSV01</subfield></datafield><datafield ind1=" " ind2=" " tag="900"><subfield code="a">IDSZ2rwimon201009e</subfield><subfield code="c">IDSZ2buche 100914</subfield><subfield code="d">IDSZ2rwiswk201010b</subfield><subfield code="e">IDSZ2cont</subfield></datafield><datafield ind1=" " ind2=" " tag="900"><subfield code="a">IDSZ2zbzmon201009l</subfield><subfield code="c">IDSZ2knec</subfield><subfield code="d">IDSZ2zbzswk201103u</subfield><subfield code="e">IDSZ2bruu</subfield></datafield><datafield ind1=" " ind2=" " tag="911"><subfield code="a">Schmid, Niklaus</subfield><subfield code="c">Jurist, Schweiz</subfield><subfield code="d">1936 -</subfield><subfield code="5">IDSLU/ger</subfield></datafield><datafield ind1=" " ind2=" " tag="949"><subfield code="a">https://toc.library.ethz.ch/objects/pdf/z16_978-3-7190-2968-5_01.pdf</subfield></datafield></record>
</metadata></record>