<record><header><identifier>oai:alma.41SLSP_UGE:991000784829705502</identifier><datestamp>2023-05-06T00:11:53Z</datestamp><setSpec>uge_bcen_RapidILL_BOOK</setSpec><setSpec>uge_aaca_RapidILL_BOOK</setSpec><setSpec>uge_abels_RapidILL_BOOK</setSpec><setSpec>uge_dbu_RapidILL_BOOK</setSpec><setSpec>uge_cmu_RapidILL_BOOK</setSpec><setSpec>uge_mail_RapidILL_BOOK</setSpec><setSpec>uge_abbat_RapidILL_BOOK</setSpec><setSpec>UNIGE_ALL</setSpec><setSpec>uge_acar_RapidILL_BOOK</setSpec><setSpec>uge_aobs_RapidILL_BOOK</setSpec></header><metadata>
<record xmlns="http://www.loc.gov/MARC21/slim" xmlns:xsi="http://www.w3.org/2001/XMLSchema-instance" xsi:schemaLocation="http://www.loc.gov/MARC21/slim http://www.loc.gov/standards/marcxml/schema/MARC21slim.xsd"><leader>02751nam a2200649 c 4500</leader><controlfield tag="001">991000784829705502</controlfield><controlfield tag="005">20230506014037.0</controlfield><controlfield tag="008">201011s1993    it ||||| |||| 00| ||ita d</controlfield><datafield ind1=" " ind2=" " tag="020"><subfield code="a">8870628248</subfield></datafield><datafield ind1=" " ind2=" " tag="035"><subfield code="a">(swissbib)211873446-41slsp_network</subfield></datafield><datafield ind1=" " ind2=" " tag="035"><subfield code="a">211873446</subfield><subfield code="9">ExL</subfield></datafield><datafield ind1=" " ind2=" " tag="035"><subfield code="a">(RERO)1776950-41slsp</subfield></datafield><datafield ind1=" " ind2=" " tag="035"><subfield code="a">(IDSBB)001237811DSV01</subfield></datafield><datafield ind1=" " ind2=" " tag="035"><subfield code="a">(NEBIS)001306809EBI01</subfield></datafield><datafield ind1=" " ind2=" " tag="035"><subfield code="a">(EXLNZ-41SLSP_NETWORK)991033057689705501</subfield></datafield><datafield ind1=" " ind2=" " tag="040"><subfield code="a">RERO gevbpu</subfield><subfield code="d">CH-ZuSLS</subfield></datafield><datafield ind1="1" ind2=" " tag="041"><subfield code="a">ita</subfield><subfield code="h">grc</subfield></datafield><datafield ind1=" " ind2="7" tag="072"><subfield code="a">ha</subfield><subfield code="2">rero</subfield></datafield><datafield ind1=" " ind2="7" tag="072"><subfield code="a">kp</subfield><subfield code="2">SzZuIDS BS/BE</subfield></datafield><datafield ind1="1" ind2=" " tag="080"><subfield code="a">875ARRIA7Met</subfield></datafield><datafield ind1="0" ind2="4" tag="082"><subfield code="a">938</subfield></datafield><datafield ind1=" " ind2=" " tag="084"><subfield code="a">NH 1663</subfield><subfield code="2">rvk</subfield></datafield><datafield ind1="1" ind2=" " tag="100"><subfield code="a">Arrianus, Flavius</subfield><subfield code="d">95-175</subfield><subfield code="0">(DE-588)118504436</subfield><subfield code="6">880-01</subfield></datafield><datafield ind1="1" ind2=" " tag="880"><subfield code="a">Arrien</subfield><subfield code="d">0095?-0175?</subfield><subfield code="0">(IDREF)02720698X</subfield><subfield code="4">cre</subfield><subfield code="6">100-01</subfield></datafield><datafield ind1="1" ind2="0" tag="240"><subfield code="a">Historia successorum Alexandri</subfield></datafield><datafield ind1="1" ind2="0" tag="245"><subfield code="a">&lt;&lt;Gli&gt;&gt; eventi dopo Alessandro</subfield><subfield code="c">Flavio Arriano ; Anna Simonetti Agostinetti</subfield></datafield><datafield ind1=" " ind2="1" tag="264"><subfield code="a">Roma</subfield><subfield code="b">&quot;L'Erma&quot; di Bertschneider</subfield><subfield code="c">1993</subfield></datafield><datafield ind1=" " ind2=" " tag="300"><subfield code="a">135 p.</subfield><subfield code="c">24 cm</subfield></datafield><datafield ind1=" " ind2=" " tag="336"><subfield code="b">txt</subfield><subfield code="2">rdacontent</subfield></datafield><datafield ind1=" " ind2=" " tag="337"><subfield code="b">n</subfield><subfield code="2">rdamedia</subfield></datafield><datafield ind1=" " ind2=" " tag="338"><subfield code="b">nc</subfield><subfield code="2">rdacarrier</subfield></datafield><datafield ind1="1" ind2=" " tag="490"><subfield code="a">Monografie / Centro ricerche e documentazione sull'antichità classica</subfield><subfield code="v">15</subfield></datafield><datafield ind1=" " ind2=" " tag="500"><subfield code="a">Traduit de: Ta meta Alexandron</subfield></datafield><datafield ind1=" " ind2=" " tag="500"><subfield code="a">Originaltitel: Historia successorum Alexandri</subfield></datafield><datafield ind1=" " ind2=" " tag="500"><subfield code="a">Text ital., Textauszüge im Anh. griech.</subfield></datafield><datafield ind1=" " ind2=" " tag="504"><subfield code="a">Literaturverz.</subfield></datafield><datafield ind1="0" ind2="7" tag="600"><subfield code="a">Alexandre</subfield><subfield code="b">III</subfield><subfield code="c">roi de Macédoine</subfield><subfield code="d">0356-0323 av. J.-C.</subfield><subfield code="0">(IDREF)027417077</subfield><subfield code="2">idref</subfield></datafield><datafield ind1="1" ind2="7" tag="600"><subfield code="a">Arrien</subfield><subfield code="d">0095?-0175?</subfield><subfield code="0">(IDREF)02720698X</subfield><subfield code="2">idref</subfield></datafield><datafield ind1="0" ind2="7" tag="600"><subfield code="a">Arrian; Ta meta Alexandron</subfield><subfield code="2">idszbz</subfield></datafield><datafield ind1="1" ind2="7" tag="600"><subfield code="a">Arrianus, Flavius</subfield><subfield code="d">95-175</subfield><subfield code="t">Historia successorum Alexandri</subfield><subfield code="0">(DE-588)4543292-2</subfield><subfield code="2">gnd</subfield></datafield><datafield ind1="0" ind2="0" tag="600"><subfield code="a">Alexander</subfield><subfield code="c">the Great</subfield><subfield code="d">356 B.C.-323 B.C.</subfield><subfield code="x">Influence</subfield></datafield><datafield ind1="0" ind2="0" tag="600"><subfield code="a">Arrian</subfield><subfield code="t">De rebus successorum Alexandri</subfield><subfield code="x">Comments</subfield></datafield><datafield ind1="0" ind2="0" tag="600"><subfield code="a">Arrian</subfield><subfield code="x">Criticism and interpretation</subfield></datafield><datafield ind1="0" ind2="0" tag="600"><subfield code="a">Photius</subfield><subfield code="b">I</subfield><subfield code="c">Saint, Patriarch of Constantinople</subfield><subfield code="d">approximately 820-approximately 891</subfield><subfield code="t">Bibliotheca</subfield></datafield><datafield ind1="0" ind2="0" tag="600"><subfield code="6">880-03</subfield><subfield code="a">Arrian</subfield><subfield code="t">Ta meta Alexandron</subfield></datafield><datafield ind1=" " ind2="7" tag="648"><subfield code="a">Geschichte</subfield><subfield code="2">idszbz</subfield></datafield><datafield ind1=" " ind2="7" tag="648"><subfield code="a">Geschichte 400 v.Chr.-300 v.Chr</subfield><subfield code="2">idszbz</subfield></datafield><datafield ind1=" " ind2="7" tag="650"><subfield code="a">323 av. J.-C.-321 av. J.-C.</subfield><subfield code="2">idref</subfield></datafield><datafield ind1=" " ind2="7" tag="651"><subfield code="a">Naher Osten</subfield><subfield code="2">idszbz</subfield></datafield><datafield ind1=" " ind2="0" tag="651"><subfield code="a">Greece</subfield><subfield code="x">History</subfield><subfield code="y">Macedonian Hegemony, 323-281 B.C</subfield><subfield code="v">Early works to 1800</subfield></datafield><datafield ind1=" " ind2="0" tag="651"><subfield code="a">Greece</subfield><subfield code="x">History</subfield><subfield code="y">Macedonian Hegemony, 323-281 B.C</subfield><subfield code="x">Historiography</subfield></datafield><datafield ind1=" " ind2="0" tag="651"><subfield code="6">880-02</subfield><subfield code="a">Macedonia</subfield><subfield code="x">History</subfield><subfield code="y">Diadochi, 323-276 B.C</subfield><subfield code="v">Early works to 1800</subfield></datafield><datafield ind1=" " ind2="7" tag="655"><subfield code="a">Quelle</subfield><subfield code="2">idszbz</subfield></datafield><datafield ind1="1" ind2=" " tag="700"><subfield code="a">Agostinetti Simonetti, Anna</subfield><subfield code="d">19..-....</subfield><subfield code="0">(IDREF)085820741</subfield></datafield><datafield ind1=" " ind2=" " tag="830"><subfield code="a">Monografie / Centro ricerche e documentazione sull'antichità classica</subfield><subfield code="v">15</subfield><subfield code="w">(RERO)0490290-41slsp</subfield></datafield><datafield ind1=" " ind2=" " tag="830"><subfield code="a">Monografie</subfield><subfield code="v">15</subfield><subfield code="w">(IDSBB)000642338DSV01</subfield></datafield><datafield ind1=" " ind2=" " tag="830"><subfield code="a">Monografie</subfield><subfield code="v">15</subfield><subfield code="w">(NEBIS)000989986EBI01</subfield></datafield><datafield ind1=" " ind2=" " tag="900"><subfield code="a">REROnoselfmerge</subfield></datafield></record>
</metadata></record>