<record><header><identifier>oai:alma.41SLSP_UGE:991000784099705502</identifier><datestamp>2023-04-02T02:50:48Z</datestamp><setSpec>uge_bcen_RapidILL_BOOK</setSpec><setSpec>uge_aaca_RapidILL_BOOK</setSpec><setSpec>uge_abels_RapidILL_BOOK</setSpec><setSpec>uge_dbu_RapidILL_BOOK</setSpec><setSpec>uge_cmu_RapidILL_BOOK</setSpec><setSpec>uge_mail_RapidILL_BOOK</setSpec><setSpec>uge_abbat_RapidILL_BOOK</setSpec><setSpec>UNIGE_ALL</setSpec><setSpec>uge_acar_RapidILL_BOOK</setSpec><setSpec>uge_aobs_RapidILL_BOOK</setSpec></header><metadata>
<record xmlns="http://www.loc.gov/MARC21/slim" xmlns:xsi="http://www.w3.org/2001/XMLSchema-instance" xsi:schemaLocation="http://www.loc.gov/MARC21/slim http://www.loc.gov/standards/marcxml/schema/MARC21slim.xsd"><leader>02219nam a2200517 c 4500</leader><controlfield tag="001">991000784099705502</controlfield><controlfield tag="005">20230402010253.0</controlfield><controlfield tag="008">201011s1987    xxk||||| |||| 00| ||eng d</controlfield><datafield ind1=" " ind2=" " tag="020"><subfield code="a">0198556470</subfield><subfield code="q">Pbk.</subfield></datafield><datafield ind1=" " ind2=" " tag="020"><subfield code="a">0198556292</subfield></datafield><datafield ind1=" " ind2=" " tag="035"><subfield code="a">(swissbib)226264718-41slsp_network</subfield></datafield><datafield ind1=" " ind2=" " tag="035"><subfield code="a">226264718</subfield><subfield code="9">ExL</subfield></datafield><datafield ind1=" " ind2=" " tag="035"><subfield code="a">(RERO)0826077-41slsp</subfield></datafield><datafield ind1=" " ind2=" " tag="035"><subfield code="a">(NEBIS)000384326EBI01</subfield></datafield><datafield ind1=" " ind2=" " tag="035"><subfield code="a">(IDSBB)000240361DSV01</subfield></datafield><datafield ind1=" " ind2=" " tag="035"><subfield code="a">(EXLNZ-41SLSP_NETWORK)991038310139705501</subfield></datafield><datafield ind1=" " ind2=" " tag="040"><subfield code="a">RERO geussc</subfield><subfield code="d">CH-ZuSLS</subfield></datafield><datafield ind1=" " ind2="7" tag="072"><subfield code="a">ch</subfield><subfield code="2">rero</subfield></datafield><datafield ind1=" " ind2="7" tag="072"><subfield code="a">py</subfield><subfield code="2">SzZuIDS BS/BE</subfield></datafield><datafield ind1=" " ind2="7" tag="072"><subfield code="a">ch</subfield><subfield code="2">SzZuIDS BS/BE</subfield></datafield><datafield ind1="1" ind2="4" tag="082"><subfield code="a">530</subfield><subfield code="2">15</subfield></datafield><datafield ind1=" " ind2=" " tag="084"><subfield code="a">UM 3500</subfield><subfield code="2">rvk</subfield></datafield><datafield ind1=" " ind2=" " tag="084"><subfield code="a">UP 9400</subfield><subfield code="2">rvk</subfield></datafield><datafield ind1=" " ind2=" " tag="084"><subfield code="a">VG 9500</subfield><subfield code="2">rvk</subfield></datafield><datafield ind1="1" ind2=" " tag="100"><subfield code="a">Ernst, Richard Robert</subfield><subfield code="d">1933-2021</subfield><subfield code="0">(IDREF)03157243X</subfield><subfield code="4">cre</subfield></datafield><datafield ind1="1" ind2="0" tag="245"><subfield code="a">Principles of nuclear magnetic resonance in one and two dimensions</subfield><subfield code="c">Richard R. Ernst, Geoffrey Bodenhausen, and Alexander Wokaun</subfield></datafield><datafield ind1=" " ind2="1" tag="264"><subfield code="a">Oxford</subfield><subfield code="b">Clarendon Press</subfield><subfield code="c">1987 (réimpr. 1992)</subfield></datafield><datafield ind1=" " ind2=" " tag="300"><subfield code="a">XXIV, 610 p.</subfield><subfield code="b">ill.</subfield><subfield code="c">24 cm</subfield></datafield><datafield ind1=" " ind2=" " tag="336"><subfield code="b">txt</subfield><subfield code="2">rdacontent</subfield></datafield><datafield ind1=" " ind2=" " tag="337"><subfield code="b">n</subfield><subfield code="2">rdamedia</subfield></datafield><datafield ind1=" " ind2=" " tag="338"><subfield code="b">nc</subfield><subfield code="2">rdacarrier</subfield></datafield><datafield ind1="1" ind2=" " tag="490"><subfield code="a">The International series of monographs on chemistry</subfield><subfield code="v">no 14</subfield></datafield><datafield ind1=" " ind2=" " tag="500"><subfield code="a">andere Ausgabe: Principles of nuclear magnetic resonance in one and two dimensions</subfield></datafield><datafield ind1=" " ind2="7" tag="650"><subfield code="a">Résonance magnétique nucléaire</subfield><subfield code="0">(IDREF)027675009</subfield><subfield code="2">idref</subfield></datafield><datafield ind1=" " ind2="7" tag="650"><subfield code="a">KERNRESONANZSPEKTROSKOPIE</subfield><subfield code="9">ger</subfield><subfield code="0">(ETHUDK)000016357</subfield><subfield code="2">ethudk</subfield></datafield><datafield ind1=" " ind2="7" tag="650"><subfield code="a">NMR</subfield><subfield code="v">0 Gesamtdarstellung</subfield><subfield code="2">idsbb</subfield></datafield><datafield ind1=" " ind2=" " tag="690"><subfield code="a">543.40</subfield><subfield code="d">Spektroskopie allgemein, Strukturaufklärung</subfield><subfield code="2">uzb-UK</subfield></datafield><datafield ind1="1" ind2=" " tag="700"><subfield code="a">Ernst, Richard R.</subfield><subfield code="d">1933-2021</subfield><subfield code="0">(DE-588)130683620</subfield></datafield><datafield ind1="1" ind2=" " tag="700"><subfield code="a">Ernst, Richard R.</subfield><subfield code="d">1933-2021</subfield><subfield code="0">(DE-588)130683620</subfield></datafield><datafield ind1="1" ind2=" " tag="700"><subfield code="a">Bodenhausen, Geoffrey</subfield><subfield code="d">1951-</subfield><subfield code="0">(DE-588)171981936</subfield><subfield code="6">880-02</subfield></datafield><datafield ind1="1" ind2=" " tag="880"><subfield code="6">700-02</subfield><subfield code="a">Bodenhausen, Geoffrey</subfield><subfield code="d">1951-....</subfield><subfield code="0">(IDREF)031572480</subfield></datafield><datafield ind1="1" ind2=" " tag="700"><subfield code="a">Wokaun, Alexander</subfield><subfield code="d">1952-</subfield><subfield code="0">(DE-588)120850087</subfield><subfield code="6">880-03</subfield></datafield><datafield ind1="1" ind2=" " tag="880"><subfield code="6">700-03</subfield><subfield code="a">Wokaun, Alexander</subfield><subfield code="0">(IDREF)031572502</subfield></datafield><datafield ind1=" " ind2=" " tag="830"><subfield code="a">International Series of Monographs on Chemistry</subfield><subfield code="v">14</subfield><subfield code="w">(RERO)0810933-41slsp</subfield></datafield><datafield ind1=" " ind2=" " tag="830"><subfield code="a">&lt;&lt;The&gt;&gt; international series of monographs on chemistry</subfield><subfield code="v">14</subfield><subfield code="w">(IDSBB)000139092DSV01</subfield></datafield><datafield ind1=" " ind2=" " tag="830"><subfield code="a">&lt;&lt;The&gt;&gt; international series of monographs on chemistry</subfield><subfield code="v">14</subfield><subfield code="w">(NEBIS)000061210EBI01</subfield></datafield><datafield ind1=" " ind2=" " tag="900"><subfield code="a">REROnoselfmerge</subfield></datafield></record>
</metadata></record>