<record><header><identifier>oai:alma.41SLSP_UGE:991000784629705502</identifier><datestamp>2023-03-01T01:10:10Z</datestamp><setSpec>uge_bcen_RapidILL_BOOK</setSpec><setSpec>uge_aaca_RapidILL_BOOK</setSpec><setSpec>uge_abels_RapidILL_BOOK</setSpec><setSpec>uge_dbu_RapidILL_BOOK</setSpec><setSpec>uge_cmu_RapidILL_BOOK</setSpec><setSpec>uge_mail_RapidILL_BOOK</setSpec><setSpec>UNIGE_ALL</setSpec><setSpec>uge_abbat_RapidILL_BOOK</setSpec><setSpec>uge_acar_RapidILL_BOOK</setSpec><setSpec>uge_aobs_RapidILL_BOOK</setSpec></header><metadata>
<record xmlns="http://www.loc.gov/MARC21/slim" xmlns:xsi="http://www.w3.org/2001/XMLSchema-instance" xsi:schemaLocation="http://www.loc.gov/MARC21/slim http://www.loc.gov/standards/marcxml/schema/MARC21slim.xsd"><leader>03815nam a2200841 cb4500</leader><controlfield tag="001">991000784629705502</controlfield><controlfield tag="005">20230213201052.0</controlfield><controlfield tag="008">201012t19951995xxu||||| |||| 00| ||eng d</controlfield><datafield ind1=" " ind2=" " tag="020"><subfield code="a">0253329361</subfield><subfield code="q">cl : alk. paper</subfield></datafield><datafield ind1=" " ind2=" " tag="020"><subfield code="a">0253209951</subfield><subfield code="q">pa : alk. paper</subfield></datafield><datafield ind1=" " ind2=" " tag="020"><subfield code="a">9780253329363</subfield></datafield><datafield ind1=" " ind2=" " tag="035"><subfield code="a">(swissbib)235007021-41slsp_network</subfield></datafield><datafield ind1=" " ind2=" " tag="035"><subfield code="a">235007021</subfield><subfield code="9">ExL</subfield></datafield><datafield ind1=" " ind2=" " tag="035"><subfield code="a">(RERO)2180172-41slsp</subfield></datafield><datafield ind1=" " ind2=" " tag="035"><subfield code="a">(NEBIS)001726421EBI01</subfield></datafield><datafield ind1=" " ind2=" " tag="035"><subfield code="a">(IDSBB)001294434DSV01</subfield></datafield><datafield ind1=" " ind2=" " tag="035"><subfield code="a">(EXLNZ-41SLSP_NETWORK)991043617939705501</subfield></datafield><datafield ind1=" " ind2=" " tag="040"><subfield code="a">RERO geulan</subfield><subfield code="d">CH-ZuSLS</subfield></datafield><datafield ind1=" " ind2="7" tag="072"><subfield code="a">an</subfield><subfield code="2">rero</subfield></datafield><datafield ind1=" " ind2="7" tag="072"><subfield code="a">so</subfield><subfield code="2">rero</subfield></datafield><datafield ind1=" " ind2="7" tag="072"><subfield code="a">le</subfield><subfield code="2">SzZuIDS BS/BE</subfield></datafield><datafield ind1="0" ind2="0" tag="082"><subfield code="a">820.9/9287/09042</subfield><subfield code="2">21</subfield></datafield><datafield ind1="0" ind2="0" tag="082"><subfield code="a">823/.91099287</subfield><subfield code="2">20</subfield></datafield><datafield ind1="1" ind2="4" tag="082"><subfield code="a">823.91099287</subfield><subfield code="2">11</subfield></datafield><datafield ind1="7" ind2="4" tag="082"><subfield code="a">820</subfield><subfield code="2">23sdnb</subfield></datafield><datafield ind1="1" ind2=" " tag="100"><subfield code="a">Scott, Bonnie Kime</subfield><subfield code="d">1944-....</subfield><subfield code="0">(IDREF)028761928</subfield><subfield code="4">aut</subfield></datafield><datafield ind1="1" ind2="0" tag="245"><subfield code="a">&lt;&lt;The&gt;&gt; women of 1928</subfield><subfield code="c">Bonnie Kime Scott</subfield></datafield><datafield ind1=" " ind2="1" tag="264"><subfield code="a">Bloomington</subfield><subfield code="a">Indianapolis</subfield><subfield code="b">Indiana Univ. Press</subfield><subfield code="c">[1995]</subfield></datafield><datafield ind1=" " ind2="4" tag="264"><subfield code="c">© 1995</subfield></datafield><datafield ind1=" " ind2=" " tag="300"><subfield code="a">XLIII, 318 S.</subfield><subfield code="b">Ill.</subfield><subfield code="c">24 cm</subfield></datafield><datafield ind1=" " ind2=" " tag="336"><subfield code="b">txt</subfield><subfield code="2">rdacontent</subfield></datafield><datafield ind1=" " ind2=" " tag="337"><subfield code="b">n</subfield><subfield code="2">rdamedia</subfield></datafield><datafield ind1=" " ind2=" " tag="338"><subfield code="b">nc</subfield><subfield code="2">rdacarrier</subfield></datafield><datafield ind1="1" ind2=" " tag="490"><subfield code="a">Refiguring modernism / Bonnie Kime Scott</subfield><subfield code="v">vol. 1</subfield></datafield><datafield ind1="1" ind2="7" tag="600"><subfield code="a">Barnes, Djuna</subfield><subfield code="d">1892-1982</subfield><subfield code="0">(DE-588)118657283</subfield><subfield code="2">gnd</subfield></datafield><datafield ind1="1" ind2="7" tag="600"><subfield code="a">West, Rebecca</subfield><subfield code="d">1892-1983</subfield><subfield code="0">(DE-588)11880684X</subfield><subfield code="2">gnd</subfield></datafield><datafield ind1="1" ind2="7" tag="600"><subfield code="a">Woolf, Virginia</subfield><subfield code="d">1882-1941</subfield><subfield code="0">(DE-588)118635174</subfield><subfield code="2">gnd</subfield></datafield><datafield ind1="1" ind2="0" tag="600"><subfield code="a">Barnes, Djuna</subfield><subfield code="x">Criticism and interpretation</subfield></datafield><datafield ind1="1" ind2="0" tag="600"><subfield code="a">West, Rebecca</subfield><subfield code="c">Dame</subfield><subfield code="d">1892-</subfield><subfield code="x">Criticism and interpretation</subfield></datafield><datafield ind1="1" ind2="0" tag="600"><subfield code="a">West, Rebecca</subfield><subfield code="d">1892-1983</subfield><subfield code="x">Criticism and interpretation</subfield></datafield><datafield ind1="1" ind2="0" tag="600"><subfield code="a">Woolf, Virginia</subfield><subfield code="d">1882-1941</subfield><subfield code="x">Criticism and interpretation</subfield></datafield><datafield ind1=" " ind2="7" tag="648"><subfield code="a">Geschichte 1920-1960</subfield><subfield code="2">gnd</subfield></datafield><datafield ind1=" " ind2="7" tag="650"><subfield code="a">Féminisme</subfield><subfield code="0">(IDREF)027320596</subfield><subfield code="2">idref</subfield></datafield><datafield ind1=" " ind2="7" tag="650"><subfield code="a">Littérature anglaise</subfield><subfield code="0">(IDREF)027236722</subfield><subfield code="2">idref</subfield></datafield><datafield ind1=" " ind2="7" tag="650"><subfield code="a">modernisme</subfield><subfield code="0">(RERO)A009950763</subfield><subfield code="2">rerovoc</subfield></datafield><datafield ind1=" " ind2="7" tag="650"><subfield code="a">Femmes</subfield><subfield code="0">(IDREF)027537242</subfield><subfield code="2">idref</subfield></datafield><datafield ind1=" " ind2="7" tag="650"><subfield code="a">Littérature américaine</subfield><subfield code="0">(IDREF)027257843</subfield><subfield code="2">idref</subfield></datafield><datafield ind1=" " ind2="7" tag="650"><subfield code="a">Englisch</subfield><subfield code="0">(DE-588)4014777-0</subfield><subfield code="2">gnd</subfield></datafield><datafield ind1=" " ind2="7" tag="650"><subfield code="a">Frauenliteratur</subfield><subfield code="0">(DE-588)4113622-6</subfield><subfield code="2">gnd</subfield></datafield><datafield ind1=" " ind2="7" tag="650"><subfield code="a">Literatur</subfield><subfield code="0">(DE-588)4035964-5</subfield><subfield code="2">gnd</subfield></datafield><datafield ind1=" " ind2="7" tag="650"><subfield code="a">Moderne</subfield><subfield code="0">(DE-588)4039827-4</subfield><subfield code="2">gnd</subfield></datafield><datafield ind1=" " ind2="0" tag="650"><subfield code="a">English fiction</subfield><subfield code="y">20th century</subfield><subfield code="x">History and criticism</subfield></datafield><datafield ind1=" " ind2="0" tag="650"><subfield code="a">Feminism and literature</subfield><subfield code="z">English-speaking countries</subfield><subfield code="x">History</subfield><subfield code="y">20th century</subfield></datafield><datafield ind1=" " ind2="0" tag="650"><subfield code="a">Feminism and literature</subfield><subfield code="z">Great Britain</subfield><subfield code="x">History</subfield><subfield code="y">20th century</subfield></datafield><datafield ind1=" " ind2="0" tag="650"><subfield code="a">Feminism and literature</subfield><subfield code="z">United States</subfield><subfield code="x">History</subfield><subfield code="y">20th century</subfield></datafield><datafield ind1=" " ind2="0" tag="650"><subfield code="a">Modernism (Literature)</subfield><subfield code="z">Great Britain</subfield></datafield><datafield ind1=" " ind2="0" tag="650"><subfield code="a">Modernism (Literature)</subfield><subfield code="z">United States</subfield></datafield><datafield ind1=" " ind2="0" tag="650"><subfield code="a">Women and literature</subfield><subfield code="z">English-speaking countries</subfield><subfield code="x">History</subfield><subfield code="y">20th century</subfield></datafield><datafield ind1=" " ind2="0" tag="650"><subfield code="a">Women and literature</subfield><subfield code="z">Great Britain</subfield><subfield code="x">History</subfield><subfield code="y">20th century</subfield></datafield><datafield ind1=" " ind2="0" tag="650"><subfield code="a">Women and literature</subfield><subfield code="z">United States</subfield><subfield code="x">History</subfield><subfield code="y">20th century</subfield></datafield><datafield ind1=" " ind2="7" tag="651"><subfield code="a">USA</subfield><subfield code="0">(DE-588)4078704-7</subfield><subfield code="2">gnd</subfield></datafield><datafield ind1=" " ind2=" " tag="690"><subfield code="a">English fiction</subfield><subfield code="y">20th century</subfield><subfield code="x">History and criticism</subfield><subfield code="2">uzb-Z4</subfield></datafield><datafield ind1=" " ind2=" " tag="690"><subfield code="a">Modernism (Literature)</subfield><subfield code="z">Great Britain</subfield><subfield code="2">uzb-Z4</subfield></datafield><datafield ind1=" " ind2=" " tag="690"><subfield code="a">Feminism and literature</subfield><subfield code="z">United States</subfield><subfield code="x">History</subfield><subfield code="y">20th century</subfield><subfield code="2">uzb-Z4</subfield></datafield><datafield ind1=" " ind2=" " tag="690"><subfield code="a">Feminism and literature</subfield><subfield code="z">Great Britain</subfield><subfield code="x">History</subfield><subfield code="y">20th century</subfield><subfield code="2">uzb-Z4</subfield></datafield><datafield ind1=" " ind2=" " tag="690"><subfield code="a">Women and literature</subfield><subfield code="z">Great Britain</subfield><subfield code="x">History</subfield><subfield code="y">20th century</subfield><subfield code="2">uzb-Z4</subfield></datafield><datafield ind1=" " ind2=" " tag="690"><subfield code="a">Women and literature</subfield><subfield code="z">United States</subfield><subfield code="x">History</subfield><subfield code="y">20th century</subfield><subfield code="2">uzb-Z4</subfield></datafield><datafield ind1=" " ind2=" " tag="690"><subfield code="a">Woolf, Virginia</subfield><subfield code="d">1882-1941</subfield><subfield code="x">Criticism and interpretation</subfield><subfield code="2">uzb-Z4</subfield></datafield><datafield ind1=" " ind2=" " tag="690"><subfield code="a">Barnes, Djuna</subfield><subfield code="x">Criticism and interpretation</subfield><subfield code="2">uzb-Z4</subfield></datafield><datafield ind1=" " ind2=" " tag="690"><subfield code="a">West, Rebecca</subfield><subfield code="c">Dame</subfield><subfield code="d">1892-</subfield><subfield code="x">Criticism and interpretation</subfield><subfield code="2">uzb-Z4</subfield></datafield><datafield ind1=" " ind2=" " tag="690"><subfield code="a">Modernism (Literature)</subfield><subfield code="z">United States</subfield><subfield code="2">uzb-Z4</subfield></datafield><datafield ind1="1" ind2=" " tag="800"><subfield code="a">Scott, Bonnie Kime</subfield><subfield code="d">1944-</subfield><subfield code="t">Refiguring modernism</subfield><subfield code="v">1</subfield><subfield code="w">(IDSBB)001294427DSV01</subfield></datafield><datafield ind1="1" ind2=" " tag="800"><subfield code="a">Scott, Bonnie Kime</subfield><subfield code="d">1944-</subfield><subfield code="t">Refiguring modernism</subfield><subfield code="v">1</subfield><subfield code="w">(RERO)2180150-41slsp</subfield></datafield><datafield ind1=" " ind2=" " tag="900"><subfield code="a">REROnoselfmerge</subfield></datafield></record>
</metadata></record>