<record><header><identifier>oai:alma.41SLSP_UGE:991000784609705502</identifier><datestamp>2023-05-08T00:11:16Z</datestamp><setSpec>uge_bcen_RapidILL_BOOK</setSpec><setSpec>uge_aaca_RapidILL_BOOK</setSpec><setSpec>uge_abels_RapidILL_BOOK</setSpec><setSpec>uge_dbu_RapidILL_BOOK</setSpec><setSpec>uge_cmu_RapidILL_BOOK</setSpec><setSpec>uge_mail_RapidILL_BOOK</setSpec><setSpec>uge_abbat_RapidILL_BOOK</setSpec><setSpec>UNIGE_ALL</setSpec><setSpec>uge_aobs_RapidILL_BOOK</setSpec><setSpec>uge_acar_RapidILL_BOOK</setSpec></header><metadata>
<record xmlns="http://www.loc.gov/MARC21/slim" xmlns:xsi="http://www.w3.org/2001/XMLSchema-instance" xsi:schemaLocation="http://www.loc.gov/MARC21/slim http://www.loc.gov/standards/marcxml/schema/MARC21slim.xsd"><leader>01105naa a22002652c 4500</leader><controlfield tag="001">991000784609705502</controlfield><controlfield tag="005">20201231130314.0</controlfield><controlfield tag="008">201011s1895    fr            00| | fre|d</controlfield><datafield ind1=" " ind2=" " tag="035"><subfield code="a">(swissbib)231107110-41slsp_network</subfield></datafield><datafield ind1=" " ind2=" " tag="035"><subfield code="a">231107110</subfield><subfield code="9">ExL</subfield></datafield><datafield ind1=" " ind2=" " tag="035"><subfield code="a">(IDSBB)004572986DSV01</subfield></datafield><datafield ind1=" " ind2=" " tag="035"><subfield code="a">(RERO)R004122377-41slsp</subfield></datafield><datafield ind1=" " ind2=" " tag="035"><subfield code="a">(EXLNZ-41SLSP_NETWORK)991111968839705501</subfield></datafield><datafield ind1=" " ind2=" " tag="040"><subfield code="a">RERO geussc</subfield><subfield code="e">kids</subfield><subfield code="d">CH-ZuSLS</subfield></datafield><datafield ind1=" " ind2="7" tag="072"><subfield code="a">zo</subfield><subfield code="2">rero</subfield></datafield><datafield ind1="1" ind2=" " tag="100"><subfield code="6">880-01</subfield><subfield code="a">Janet, Charles</subfield><subfield code="c">biologiste</subfield><subfield code="d">1849-1932</subfield><subfield code="0">(IDREF)074104683</subfield><subfield code="4">cre</subfield></datafield><datafield ind1="1" ind2=" " tag="880"><subfield code="a">Janet, Charles</subfield><subfield code="d">1849-1932</subfield><subfield code="0">(DE-588)173236022</subfield><subfield code="6">100-01</subfield></datafield><datafield ind1="1" ind2="0" tag="245"><subfield code="a">Sur les muscles des fourmis, des guêpes et des abeilles</subfield><subfield code="c">par Charles Janet</subfield></datafield><datafield ind1=" " ind2=" " tag="336"><subfield code="b">txt</subfield><subfield code="2">rdacontent</subfield></datafield><datafield ind1=" " ind2=" " tag="337"><subfield code="b">n</subfield><subfield code="2">rdamedia</subfield></datafield><datafield ind1=" " ind2=" " tag="338"><subfield code="b">nc</subfield><subfield code="2">rdacarrier</subfield></datafield><datafield ind1=" " ind2=" " tag="500"><subfield code="a">Zugl. erschienen als Sonderdruck</subfield></datafield><datafield ind1=" " ind2=" " tag="580"><subfield code="a">In: Comptes rendus des séances de l'Académie des sciences. - Paris. - T. 121(1895), p. 610-164</subfield></datafield><datafield ind1="0" ind2=" " tag="773"><subfield code="t">Comptes rendus hebdomadaires des séances de l'Académie des sciences</subfield><subfield code="g">1895/121/610</subfield><subfield code="g">yr:1895</subfield></datafield><datafield ind1="0" ind2=" " tag="773"><subfield code="a">T. 121(1895)</subfield><subfield code="t">Comptes rendus des séances de l'Académie des sciences</subfield><subfield code="w">(IDSBB)000053317DSV01</subfield></datafield><datafield ind1=" " ind2=" " tag="900"><subfield code="a">REROnoselfmerge</subfield></datafield></record>
</metadata></record>