<record><header><identifier>oai:alma.41SLSP_UGE:991000784819705502</identifier><datestamp>2023-03-01T01:10:10Z</datestamp><setSpec>uge_bcen_RapidILL_BOOK</setSpec><setSpec>uge_aaca_RapidILL_BOOK</setSpec><setSpec>uge_abels_RapidILL_BOOK</setSpec><setSpec>uge_dbu_RapidILL_BOOK</setSpec><setSpec>uge_cmu_RapidILL_BOOK</setSpec><setSpec>uge_mail_RapidILL_BOOK</setSpec><setSpec>UNIGE_ALL</setSpec><setSpec>uge_abbat_RapidILL_BOOK</setSpec><setSpec>uge_aobs_RapidILL_BOOK</setSpec><setSpec>uge_acar_RapidILL_BOOK</setSpec></header><metadata>
<record xmlns="http://www.loc.gov/MARC21/slim" xmlns:xsi="http://www.w3.org/2001/XMLSchema-instance" xsi:schemaLocation="http://www.loc.gov/MARC21/slim http://www.loc.gov/standards/marcxml/schema/MARC21slim.xsd"><leader>01096naa a2200241 c 4500</leader><controlfield tag="001">991000784819705502</controlfield><controlfield tag="005">20201227134913.0</controlfield><controlfield tag="008">960605s1996    xxk||||| |||| 00| ||eng d</controlfield><datafield ind1=" " ind2=" " tag="035"><subfield code="a">(swissbib)091331277-41slsp_network</subfield></datafield><datafield ind1=" " ind2=" " tag="035"><subfield code="a">091331277</subfield><subfield code="9">ExL</subfield></datafield><datafield ind1=" " ind2=" " tag="035"><subfield code="a">(RERO)2211605-41slsp</subfield></datafield><datafield ind1=" " ind2=" " tag="035"><subfield code="a">(EXLNZ-41SLSP_NETWORK)991066957289705501</subfield></datafield><datafield ind1=" " ind2=" " tag="040"><subfield code="a">RERO geussc</subfield><subfield code="d">CH-ZuSLS</subfield></datafield><datafield ind1=" " ind2="7" tag="072"><subfield code="a">ch</subfield><subfield code="2">rero</subfield></datafield><datafield ind1="1" ind2=" " tag="100"><subfield code="a">Jefford, Charles W.</subfield><subfield code="d">19..-....</subfield><subfield code="0">(IDREF)224816071</subfield><subfield code="4">cre</subfield></datafield><datafield ind1="1" ind2="0" tag="245"><subfield code="a">&lt;&lt;The&gt;&gt; synthesis of chiral 1-(1H-pyrrole) derivatives</subfield><subfield code="c">Charles W. Jefford, Fabienne de Villedon de Naide and Krzysztof Sienkiewicz</subfield></datafield><datafield ind1=" " ind2=" " tag="336"><subfield code="b">txt</subfield><subfield code="2">rdacontent</subfield></datafield><datafield ind1=" " ind2=" " tag="337"><subfield code="b">n</subfield><subfield code="2">rdamedia</subfield></datafield><datafield ind1=" " ind2=" " tag="338"><subfield code="b">nc</subfield><subfield code="2">rdacarrier</subfield></datafield><datafield ind1=" " ind2=" " tag="580"><subfield code="a">In: Tetrahedron. Asymmetry. - Oxford. - Vol. 7(1996), no. 4, p. 1069-1076</subfield></datafield><datafield ind1="1" ind2=" " tag="700"><subfield code="a">Villedon de Naide, Fabienne de</subfield><subfield code="0">(RERO)A003943278</subfield></datafield><datafield ind1="1" ind2=" " tag="700"><subfield code="a">Sienkiewicz, Krzysztof</subfield><subfield code="0">(RERO)A003830675</subfield></datafield><datafield ind1="0" ind2=" " tag="773"><subfield code="t">Tetrahedron. Asymmetry : the international journal for rapid publication on all aspects of asymmetry in organic, inorganic, organometallic, physical and bio-organic chemistry</subfield><subfield code="g">1996/1069</subfield><subfield code="g">yr:1996</subfield><subfield code="w">(RERO)1229991-41slsp</subfield></datafield><datafield ind1=" " ind2=" " tag="900"><subfield code="a">REROnoselfmerge</subfield></datafield></record>
</metadata></record>