<record><header><identifier>oai:alma.41SLSP_UGE:991000784919705502</identifier><datestamp>2023-03-01T01:10:10Z</datestamp><setSpec>uge_bcen_RapidILL_BOOK</setSpec><setSpec>uge_aaca_RapidILL_BOOK</setSpec><setSpec>uge_abels_RapidILL_BOOK</setSpec><setSpec>uge_dbu_RapidILL_BOOK</setSpec><setSpec>uge_cmu_RapidILL_BOOK</setSpec><setSpec>uge_mail_RapidILL_BOOK</setSpec><setSpec>UNIGE_ALL</setSpec><setSpec>uge_abbat_RapidILL_BOOK</setSpec><setSpec>uge_aobs_RapidILL_BOOK</setSpec><setSpec>uge_acar_RapidILL_BOOK</setSpec></header><metadata>
<record xmlns="http://www.loc.gov/MARC21/slim" xmlns:xsi="http://www.w3.org/2001/XMLSchema-instance" xsi:schemaLocation="http://www.loc.gov/MARC21/slim http://www.loc.gov/standards/marcxml/schema/MARC21slim.xsd"><leader>01388nam a2200373 c 4500</leader><controlfield tag="001">991000784919705502</controlfield><controlfield tag="005">20230130185439.0</controlfield><controlfield tag="008">201011s1982    fr ||||| |||| 00| ||fre d</controlfield><datafield ind1=" " ind2=" " tag="035"><subfield code="a">(swissbib)215127773-41slsp_network</subfield></datafield><datafield ind1=" " ind2=" " tag="035"><subfield code="a">215127773</subfield><subfield code="9">ExL</subfield></datafield><datafield ind1=" " ind2=" " tag="035"><subfield code="a">(RERO)0420780-41slsp</subfield></datafield><datafield ind1=" " ind2=" " tag="035"><subfield code="a">(NEBIS)005297287EBI01</subfield></datafield><datafield ind1=" " ind2=" " tag="035"><subfield code="a">(SBT)000688817SBT01</subfield></datafield><datafield ind1=" " ind2=" " tag="035"><subfield code="a">(IDSBB)005315910DSV01</subfield></datafield><datafield ind1=" " ind2=" " tag="035"><subfield code="a">(EXLNZ-41SLSP_NETWORK)991098604009705501</subfield></datafield><datafield ind1=" " ind2=" " tag="040"><subfield code="a">RERO</subfield><subfield code="d">CH-ZuSLS</subfield></datafield><datafield ind1=" " ind2="7" tag="072"><subfield code="a">ur</subfield><subfield code="2">rero</subfield></datafield><datafield ind1="1" ind2=" " tag="100"><subfield code="a">Merlin, Pierre</subfield><subfield code="d">1937-....</subfield><subfield code="0">(IDREF)027024520</subfield><subfield code="4">cre</subfield></datafield><datafield ind1="1" ind2="0" tag="245"><subfield code="a">&lt;&lt;L'&gt;&gt;aménagement de la région parisienne et les villes nouvelles</subfield><subfield code="c">Pierre Merlin</subfield></datafield><datafield ind1=" " ind2="1" tag="264"><subfield code="a">Paris</subfield><subfield code="b">La Documentation française</subfield><subfield code="c">1982</subfield></datafield><datafield ind1=" " ind2=" " tag="300"><subfield code="a">212 p.</subfield><subfield code="b">ill.</subfield><subfield code="c">24 cm</subfield></datafield><datafield ind1=" " ind2=" " tag="336"><subfield code="b">txt</subfield><subfield code="2">rdacontent</subfield></datafield><datafield ind1=" " ind2=" " tag="337"><subfield code="b">n</subfield><subfield code="2">rdamedia</subfield></datafield><datafield ind1=" " ind2=" " tag="338"><subfield code="b">nc</subfield><subfield code="2">rdacarrier</subfield></datafield><datafield ind1="1" ind2=" " tag="490"><subfield code="a">Notes et études documentaires</subfield><subfield code="v">No 4677-4678</subfield></datafield><datafield ind1=" " ind2=" " tag="504"><subfield code="a">p. 196-208</subfield></datafield><datafield ind1=" " ind2="7" tag="650"><subfield code="a">Aménagement du territoire</subfield><subfield code="0">(IDREF)027257479</subfield><subfield code="2">idref</subfield></datafield><datafield ind1=" " ind2="7" tag="650"><subfield code="a">Urbanisme</subfield><subfield code="0">(IDREF)027254925</subfield><subfield code="2">idref</subfield></datafield><datafield ind1=" " ind2="7" tag="650"><subfield code="a">ville nouvelle</subfield><subfield code="0">(RERO)A010165069</subfield><subfield code="2">rerovoc</subfield></datafield><datafield ind1=" " ind2="7" tag="650"><subfield code="a">Villes</subfield><subfield code="0">(IDREF)027255778</subfield><subfield code="2">idref</subfield></datafield><datafield ind1=" " ind2="7" tag="651"><subfield code="a">Paris (France ; agglomération)</subfield><subfield code="0">(IDREF)027949117</subfield><subfield code="2">idref</subfield></datafield><datafield ind1=" " ind2=" " tag="691"><subfield code="e">711.400(440)</subfield><subfield code="2">usi-TM</subfield></datafield><datafield ind1=" " ind2=" " tag="830"><subfield code="a">Notes et études documentaires</subfield><subfield code="v">4677-4678</subfield><subfield code="w">(RERO)0063014-41slsp</subfield></datafield><datafield ind1=" " ind2=" " tag="830"><subfield code="a">Notes et études documentaires</subfield><subfield code="v">4677-4678</subfield><subfield code="w">(SBT)000000629SBT01</subfield></datafield><datafield ind1=" " ind2=" " tag="900"><subfield code="a">REROnoselfmerge</subfield></datafield></record>
</metadata></record>