<record><header><identifier>oai:alma.41SLSP_UGE:991000784199705502</identifier><datestamp>2024-03-09T01:34:11Z</datestamp><setSpec>uge_bcen_RapidILL_BOOK</setSpec><setSpec>uge_aaca_RapidILL_BOOK</setSpec><setSpec>uge_abels_RapidILL_BOOK</setSpec><setSpec>uge_dbu_RapidILL_BOOK</setSpec><setSpec>uge_cmu_RapidILL_BOOK</setSpec><setSpec>uge_mail_RapidILL_BOOK</setSpec><setSpec>uge_abbat_RapidILL_BOOK</setSpec><setSpec>UNIGE_ALL</setSpec><setSpec>uge_acar_RapidILL_BOOK</setSpec><setSpec>uge_aobs_RapidILL_BOOK</setSpec></header><metadata>
<record xmlns="http://www.loc.gov/MARC21/slim" xmlns:xsi="http://www.w3.org/2001/XMLSchema-instance" xsi:schemaLocation="http://www.loc.gov/MARC21/slim http://www.loc.gov/standards/marcxml/schema/MARC21slim.xsd"><leader>05255nam a2201201 c 4500</leader><controlfield tag="001">991000784199705502</controlfield><controlfield tag="005">20240308213733.0</controlfield><controlfield tag="008">201011s2001    sz ||||| m||| 00| ||fre d</controlfield><datafield ind1=" " ind2=" " tag="019"><subfield code="a">Catalogage: décrit l'ex. commercial et l'ex commercial avec mention de thèse</subfield><subfield code="5">RERO/labcud/03.2002</subfield></datafield><datafield ind1=" " ind2=" " tag="020"><subfield code="a">2880280885</subfield></datafield><datafield ind1=" " ind2=" " tag="035"><subfield code="a">(swissbib)227196643-41slsp_network</subfield></datafield><datafield ind1=" " ind2=" " tag="035"><subfield code="a">227196643</subfield><subfield code="9">ExL</subfield></datafield><datafield ind1=" " ind2=" " tag="035"><subfield code="a">(RERO)R003145309-41slsp</subfield></datafield><datafield ind1=" " ind2=" " tag="035"><subfield code="a">(IDSBB)002440360DSV01</subfield></datafield><datafield ind1=" " ind2=" " tag="035"><subfield code="a">(NEBIS)004203263EBI01</subfield></datafield><datafield ind1=" " ind2=" " tag="035"><subfield code="a">(ABN)000113923ABN01</subfield></datafield><datafield ind1=" " ind2=" " tag="035"><subfield code="a">(EXLNZ-41SLSP_NETWORK)991042988189705501</subfield></datafield><datafield ind1=" " ind2=" " tag="040"><subfield code="a">RERO nebpun</subfield><subfield code="d">CH-ZuSLS</subfield></datafield><datafield ind1=" " ind2=" " tag="044"><subfield code="a">sz</subfield><subfield code="c">ch-vd</subfield></datafield><datafield ind1=" " ind2="7" tag="072"><subfield code="a">ar</subfield><subfield code="2">rero</subfield></datafield><datafield ind1=" " ind2="7" tag="072"><subfield code="a">ur</subfield><subfield code="2">SzZuIDS BS/BE</subfield></datafield><datafield ind1=" " ind2="7" tag="072"><subfield code="a">te</subfield><subfield code="2">SzZuIDS BS/BE</subfield></datafield><datafield ind1="1" ind2=" " tag="080"><subfield code="a">904(4CH)JU:669</subfield></datafield><datafield ind1="0" ind2="0" tag="082"><subfield code="a">936.4</subfield><subfield code="2">22</subfield></datafield><datafield ind1="0" ind2="4" tag="082"><subfield code="a">930.1</subfield><subfield code="2">21</subfield></datafield><datafield ind1="1" ind2="4" tag="082"><subfield code="a">622.1009</subfield><subfield code="2">21</subfield></datafield><datafield ind1="1" ind2="4" tag="082"><subfield code="a">930</subfield><subfield code="2">15</subfield></datafield><datafield ind1=" " ind2=" " tag="084"><subfield code="a">NF 1345</subfield><subfield code="2">rvk</subfield></datafield><datafield ind1="1" ind2=" " tag="100"><subfield code="a">Eschenlohr, Ludwig</subfield><subfield code="0">(IDREF)061732079</subfield><subfield code="4">cre</subfield></datafield><datafield ind1="1" ind2="0" tag="245"><subfield code="a">Recherches archéologiques sur le district sidérurgique du Jura central suisse</subfield><subfield code="c">Ludwig Eschenlohr</subfield></datafield><datafield ind1=" " ind2="1" tag="264"><subfield code="a">Lausanne</subfield><subfield code="b">Cahiers d'archéologie romande</subfield><subfield code="c">2001</subfield></datafield><datafield ind1=" " ind2=" " tag="300"><subfield code="a">320 p.</subfield><subfield code="b">ill.</subfield><subfield code="c">30 cm</subfield><subfield code="e">carte</subfield></datafield><datafield ind1=" " ind2=" " tag="336"><subfield code="b">txt</subfield><subfield code="2">rdacontent</subfield></datafield><datafield ind1=" " ind2=" " tag="337"><subfield code="b">n</subfield><subfield code="2">rdamedia</subfield></datafield><datafield ind1=" " ind2=" " tag="338"><subfield code="b">nc</subfield><subfield code="2">rdacarrier</subfield></datafield><datafield ind1="1" ind2=" " tag="490"><subfield code="a">Cahiers d'archéologie romande</subfield><subfield code="v">No 88</subfield></datafield><datafield ind1=" " ind2=" " tag="502"><subfield code="a">Th. lett. Lausanne, 2000</subfield></datafield><datafield ind1=" " ind2=" " tag="502"><subfield code="a">Thèse de doctorat Université de Lausanne</subfield></datafield><datafield ind1=" " ind2=" " tag="520"><subfield code="a">experimentelle Archäologie - Geologie - Physik - Technologie - Methode - Datierung</subfield><subfield code="5">ubs-Archäologie</subfield></datafield><datafield ind1=" " ind2="7" tag="648"><subfield code="a">Vor- und Frühgeschichte</subfield><subfield code="2">gnd</subfield></datafield><datafield ind1=" " ind2="7" tag="650"><subfield code="a">Sidérurgie</subfield><subfield code="0">(IDREF)027468348</subfield><subfield code="2">idref</subfield></datafield><datafield ind1=" " ind2="7" tag="650"><subfield code="a">origines</subfield><subfield code="0">(RERO)A009950802</subfield><subfield code="2">rerovoc</subfield></datafield><datafield ind1=" " ind2="7" tag="650"><subfield code="a">50000 av. J.-C.-15e siècle</subfield><subfield code="0">(RERO)A026984670</subfield><subfield code="2">rero</subfield></datafield><datafield ind1=" " ind2="7" tag="650"><subfield code="a">Fer</subfield><subfield code="0">(IDREF)02778973X</subfield><subfield code="2">idref</subfield></datafield><datafield ind1=" " ind2="7" tag="650"><subfield code="a">Archéologie</subfield><subfield code="0">(IDREF)02726971X</subfield><subfield code="2">idref</subfield></datafield><datafield ind1=" " ind2="7" tag="650"><subfield code="a">Eisenerzeugung</subfield><subfield code="z">Jura (Kanton)</subfield><subfield code="y">Geschichte</subfield><subfield code="2">idsbb</subfield></datafield><datafield ind1=" " ind2="7" tag="650"><subfield code="a">Eisen</subfield><subfield code="2">idszbz</subfield></datafield><datafield ind1=" " ind2="7" tag="650"><subfield code="a">Eisenhüttenwerk</subfield><subfield code="2">idszbz</subfield></datafield><datafield ind1=" " ind2="7" tag="650"><subfield code="a">Funde</subfield><subfield code="2">idszbz</subfield></datafield><datafield ind1=" " ind2="7" tag="650"><subfield code="a">Herstellung</subfield><subfield code="2">idszbz</subfield></datafield><datafield ind1=" " ind2="7" tag="650"><subfield code="a">Eisen</subfield><subfield code="0">(DE-588)4014002-7</subfield><subfield code="2">gnd</subfield></datafield><datafield ind1=" " ind2="7" tag="650"><subfield code="a">Eisenmetallurgie</subfield><subfield code="0">(DE-588)4615559-4</subfield><subfield code="2">gnd</subfield></datafield><datafield ind1=" " ind2="7" tag="650"><subfield code="a">Geschichte</subfield><subfield code="0">(DE-588)4020517-4</subfield><subfield code="2">gnd</subfield></datafield><datafield ind1=" " ind2="7" tag="650"><subfield code="a">Metallurgie</subfield><subfield code="0">(DE-588)4074756-6</subfield><subfield code="2">gnd</subfield></datafield><datafield ind1=" " ind2="0" tag="650"><subfield code="a">Excavations (Archaeology)</subfield><subfield code="z">Jura Mountains Region (France and Switzerland)</subfield></datafield><datafield ind1=" " ind2="0" tag="650"><subfield code="a">Iron age</subfield><subfield code="z">Jura Mountains Region (France and Switzerland)</subfield></datafield><datafield ind1=" " ind2="0" tag="650"><subfield code="a">Jura Mountains Region (France and Switzerland)</subfield><subfield code="x">Antiquities</subfield></datafield><datafield ind1=" " ind2="0" tag="650"><subfield code="a">Metallurgy in archaeology</subfield><subfield code="z">Jura Mountains Region (France and Switzerland)</subfield></datafield><datafield ind1=" " ind2="7" tag="650"><subfield code="a">ARCHAEOMETALLURGIE</subfield><subfield code="9">ger</subfield><subfield code="0">(ETHUDK)000046188</subfield><subfield code="2">ethudk</subfield></datafield><datafield ind1=" " ind2="7" tag="650"><subfield code="a">ARCHÄOLOGIE</subfield><subfield code="9">ger</subfield><subfield code="0">(ETHUDK)000036549</subfield><subfield code="2">ethudk</subfield></datafield><datafield ind1=" " ind2="7" tag="650"><subfield code="a">ARCHÄOLOGISCHE FELDARBEIT + ARCHÄOLOGISCHE FUNDORTE</subfield><subfield code="9">ger</subfield><subfield code="0">(ETHUDK)000036557</subfield><subfield code="2">ethudk</subfield></datafield><datafield ind1=" " ind2="7" tag="650"><subfield code="a">BERNER JURA, REGION UND VERWALTUNGSKREIS (KANTON BERN)</subfield><subfield code="9">ger</subfield><subfield code="0">(ETHUDK)000038239</subfield><subfield code="2">ethudk</subfield></datafield><datafield ind1=" " ind2="7" tag="650"><subfield code="a">EISENHÜTTENKUNDE</subfield><subfield code="9">ger</subfield><subfield code="0">(ETHUDK)000033847</subfield><subfield code="2">ethudk</subfield></datafield><datafield ind1=" " ind2="7" tag="651"><subfield code="a">Jura (Suisse ; canton)</subfield><subfield code="0">(IDREF)027434141</subfield><subfield code="2">idref</subfield></datafield><datafield ind1=" " ind2="7" tag="651"><subfield code="a">Jura (Gebirgszug)</subfield><subfield code="2">idszbz</subfield></datafield><datafield ind1=" " ind2="7" tag="651"><subfield code="a">Schweiz</subfield><subfield code="2">idszbz</subfield></datafield><datafield ind1=" " ind2="7" tag="651"><subfield code="a">Schweiz</subfield><subfield code="0">(DE-588)4053881-3</subfield><subfield code="2">gnd</subfield></datafield><datafield ind1=" " ind2="7" tag="651"><subfield code="a">Zentraler Jura</subfield><subfield code="0">(DE-588)4364799-6</subfield><subfield code="2">gnd</subfield></datafield><datafield ind1=" " ind2="7" tag="655"><subfield code="a">Hochschulschrift</subfield><subfield code="2">gnd-content</subfield></datafield><datafield ind1=" " ind2="7" tag="655"><subfield code="a">Karte</subfield><subfield code="2">gnd-content</subfield></datafield><datafield ind1=" " ind2=" " tag="690"><subfield code="a">Industrie, Eisenindustrie, Jura</subfield><subfield code="2">ube-BE</subfield></datafield><datafield ind1=" " ind2=" " tag="690"><subfield code="a">Jura bernois, archéologie, sidérurgie</subfield><subfield code="2">ube-BC</subfield></datafield><datafield ind1=" " ind2=" " tag="690"><subfield code="a">Jura bernois, Age du Fer</subfield><subfield code="2">ube-BC</subfield></datafield><datafield ind1=" " ind2=" " tag="690"><subfield code="a">Jura bernois, période romaine, sidérurgie</subfield><subfield code="2">ube-BC</subfield></datafield><datafield ind1=" " ind2=" " tag="690"><subfield code="a">Jura canton, période romaine, sidérurgie</subfield><subfield code="2">ube-BC</subfield></datafield><datafield ind1=" " ind2=" " tag="690"><subfield code="a">Jura canton, Age du Fer</subfield><subfield code="2">ube-BC</subfield></datafield><datafield ind1=" " ind2=" " tag="690"><subfield code="a">Jura bernois, industrie, sidérurgie</subfield><subfield code="2">ube-BC</subfield></datafield><datafield ind1=" " ind2=" " tag="690"><subfield code="a">Jura canton, industrie, sidérurgie</subfield><subfield code="2">ube-BC</subfield></datafield><datafield ind1=" " ind2=" " tag="690"><subfield code="a">Eisenproduktion, Jura</subfield><subfield code="2">ube-BE</subfield></datafield><datafield ind1=" " ind2=" " tag="690"><subfield code="a">Jura bernois, sidérurgie</subfield><subfield code="2">ube-BC</subfield></datafield><datafield ind1=" " ind2=" " tag="690"><subfield code="a">Jura canton, archéologie, sidérurgie</subfield><subfield code="2">ube-BC</subfield></datafield><datafield ind1=" " ind2=" " tag="690"><subfield code="a">Jura canton, sidérurgie</subfield><subfield code="2">ube-BC</subfield></datafield><datafield ind1=" " ind2=" " tag="690"><subfield code="a">Archäologie, Jura, Eisenerzeugung</subfield><subfield code="2">ube-BE</subfield></datafield><datafield ind1=" " ind2=" " tag="690"><subfield code="a">Schweiz - Jura (Kanton)</subfield><subfield code="2">ubs-A8</subfield></datafield><datafield ind1=" " ind2=" " tag="690"><subfield code="a">epochenübergreifend - Schweiz</subfield><subfield code="2">ubs-A8</subfield></datafield><datafield ind1=" " ind2=" " tag="690"><subfield code="a">Ökonomiegebäude - epochenübergreifend</subfield><subfield code="2">ubs-A8</subfield></datafield><datafield ind1=" " ind2=" " tag="690"><subfield code="a">Sozialgeschichte - epochenübergreifend - Schweiz</subfield><subfield code="2">ubs-A8</subfield></datafield><datafield ind1=" " ind2=" " tag="690"><subfield code="a">Wirtschaftsgeschichte - epochenübergreifend - Schweiz</subfield><subfield code="2">ubs-A8</subfield></datafield><datafield ind1=" " ind2=" " tag="690"><subfield code="a">Eisen - epochenübergreifend</subfield><subfield code="2">ubs-A8</subfield></datafield><datafield ind1=" " ind2=" " tag="690"><subfield code="a">162ab</subfield><subfield code="d">Metalle</subfield><subfield code="2">uzb-UJ</subfield></datafield><datafield ind1=" " ind2=" " tag="690"><subfield code="a">216</subfield><subfield code="d">Schweiz: Ressourcen, Bergbau</subfield><subfield code="2">uzb-UJ</subfield></datafield><datafield ind1=" " ind2=" " tag="690"><subfield code="a">228</subfield><subfield code="d">Jura (Region)</subfield><subfield code="2">uzb-UJ</subfield></datafield><datafield ind1=" " ind2=" " tag="690"><subfield code="a">Jura. Mittelalterarchäologie</subfield><subfield code="2">uzb-US</subfield></datafield><datafield ind1=" " ind2=" " tag="690"><subfield code="a">Schweiz. Eisenhüttenkunde</subfield><subfield code="2">uzb-US</subfield></datafield><datafield ind1=" " ind2=" " tag="691"><subfield code="e">2.2.1.2 Jura</subfield><subfield code="2">ube-GA</subfield></datafield><datafield ind1=" " ind2=" " tag="691"><subfield code="e">1.1.2 Jura</subfield><subfield code="2">ube-GA</subfield></datafield><datafield ind1=" " ind2=" " tag="691"><subfield code="e">1.2.2 Jura</subfield><subfield code="2">ube-GA</subfield></datafield><datafield ind1=" " ind2=" " tag="691"><subfield code="e">2.3.3.3.2</subfield><subfield code="2">ube-GA</subfield></datafield><datafield ind1=" " ind2=" " tag="691"><subfield code="e">2.8.7.2 Jura</subfield><subfield code="2">ube-GA</subfield></datafield><datafield ind1=" " ind2=" " tag="830"><subfield code="a">Cahiers d'archéologie romande</subfield><subfield code="v">88</subfield><subfield code="w">(RERO)0093170-41slsp</subfield></datafield><datafield ind1=" " ind2=" " tag="830"><subfield code="a">Cahiers d'archéologie romande</subfield><subfield code="v">88</subfield><subfield code="w">(IDSBB)000026711DSV01</subfield></datafield><datafield ind1="4" ind2=" " tag="856"><subfield code="3">Abstract / Autoreninformation</subfield><subfield code="u">https://toc.library.ethz.ch/objects/pdf/000128358_e01_2880280885_02.pdf</subfield><subfield code="q">pdf</subfield></datafield><datafield ind1=" " ind2=" " tag="900"><subfield code="a">REROnoselfmerge</subfield></datafield><datafield ind1=" " ind2=" " tag="900"><subfield code="a">IDSZ2zbzmon200201e</subfield><subfield code="c">IDSZ2haab</subfield><subfield code="d">IDSZ2zbzswk200208b</subfield><subfield code="e">IDSZ2erbe</subfield></datafield></record>
</metadata></record>