<record><header><identifier>oai:alma.41SLSP_UGE:991000784409705502</identifier><datestamp>2023-04-17T00:12:38Z</datestamp><setSpec>uge_bcen_RapidILL_BOOK</setSpec><setSpec>uge_aaca_RapidILL_BOOK</setSpec><setSpec>uge_abels_RapidILL_BOOK</setSpec><setSpec>uge_dbu_RapidILL_BOOK</setSpec><setSpec>uge_cmu_RapidILL_BOOK</setSpec><setSpec>uge_mail_RapidILL_BOOK</setSpec><setSpec>uge_abbat_RapidILL_BOOK</setSpec><setSpec>UNIGE_ALL</setSpec><setSpec>uge_aobs_RapidILL_BOOK</setSpec><setSpec>uge_acar_RapidILL_BOOK</setSpec></header><metadata>
<record xmlns="http://www.loc.gov/MARC21/slim" xmlns:xsi="http://www.w3.org/2001/XMLSchema-instance" xsi:schemaLocation="http://www.loc.gov/MARC21/slim http://www.loc.gov/standards/marcxml/schema/MARC21slim.xsd"><leader>01603nam a2200409 c 4500</leader><controlfield tag="001">991000784409705502</controlfield><controlfield tag="005">20230416161911.0</controlfield><controlfield tag="008">201012s2009    fr       |||| 00| | fre|d</controlfield><datafield ind1=" " ind2=" " tag="020"><subfield code="a">9782742788293</subfield></datafield><datafield ind1="7" ind2=" " tag="024"><subfield code="a">http://catalogue.bnf.fr/ark:/12148/cb42107968q</subfield><subfield code="2">uri</subfield></datafield><datafield ind1=" " ind2=" " tag="035"><subfield code="a">(swissbib)240097106-41slsp_network</subfield></datafield><datafield ind1=" " ind2=" " tag="035"><subfield code="a">240097106</subfield><subfield code="9">ExL</subfield></datafield><datafield ind1=" " ind2=" " tag="035"><subfield code="a">(NEBIS)005952261EBI01</subfield></datafield><datafield ind1=" " ind2=" " tag="035"><subfield code="a">(RERO)R005209860-41slsp</subfield></datafield><datafield ind1=" " ind2=" " tag="035"><subfield code="a">(EXLNZ-41SLSP_NETWORK)991160791329705501</subfield></datafield><datafield ind1=" " ind2=" " tag="040"><subfield code="a">RERO frbbul</subfield><subfield code="d">CH-ZuSLS</subfield></datafield><datafield ind1="1" ind2=" " tag="041"><subfield code="a">fre</subfield><subfield code="h">jpn</subfield></datafield><datafield ind1=" " ind2="7" tag="072"><subfield code="a">or</subfield><subfield code="2">rero</subfield></datafield><datafield ind1="0" ind2="4" tag="082"><subfield code="a">895.6/35</subfield><subfield code="2">22</subfield></datafield><datafield ind1="1" ind2=" " tag="100"><subfield code="6">880-01</subfield><subfield code="a">Ogawa, Yōko</subfield><subfield code="d">1962-....</subfield><subfield code="0">(IDREF)034276610</subfield><subfield code="4">cre</subfield></datafield><datafield ind1="1" ind2=" " tag="880"><subfield code="a">Ogawa, Yōko</subfield><subfield code="d">1962-</subfield><subfield code="0">(DE-588)123471567</subfield><subfield code="6">100-01</subfield></datafield><datafield ind1="1" ind2="0" tag="245"><subfield code="a">Cristallisation secrète</subfield><subfield code="b">roman</subfield><subfield code="c">Yoko Ogawa ; trad. du japonais par Rose-Marie Makino</subfield></datafield><datafield ind1=" " ind2="1" tag="264"><subfield code="a">Arles</subfield><subfield code="b">Actes Sud</subfield><subfield code="c">2009</subfield></datafield><datafield ind1=" " ind2=" " tag="300"><subfield code="a">341 S.</subfield></datafield><datafield ind1=" " ind2=" " tag="336"><subfield code="b">txt</subfield><subfield code="2">rdacontent</subfield></datafield><datafield ind1=" " ind2=" " tag="337"><subfield code="b">n</subfield><subfield code="2">rdamedia</subfield></datafield><datafield ind1=" " ind2=" " tag="338"><subfield code="b">nc</subfield><subfield code="2">rdacarrier</subfield></datafield><datafield ind1="0" ind2=" " tag="490"><subfield code="a">Lettres japonaises</subfield></datafield><datafield ind1=" " ind2=" " tag="500"><subfield code="a">Originaltitel: Hisoyakana kesshō</subfield></datafield><datafield ind1="8" ind2=" " tag="520"><subfield code="a">Roman psychologique (intime). Roman fantastique</subfield><subfield code="5">RERO/nebpup/12.2009/3325</subfield></datafield><datafield ind1=" " ind2="7" tag="650"><subfield code="a">Roman</subfield><subfield code="2">idszbz</subfield></datafield><datafield ind1=" " ind2="7" tag="650"><subfield code="a">Japanisch</subfield><subfield code="2">idszbz</subfield></datafield><datafield ind1=" " ind2="7" tag="655"><subfield code="a">Ausgabe</subfield><subfield code="2">idszbz</subfield></datafield><datafield ind1="1" ind2=" " tag="700"><subfield code="a">Makino-Fayolle, Rose-Marie</subfield><subfield code="0">(IDREF)028599721</subfield></datafield><datafield ind1="1" ind2=" " tag="700"><subfield code="a">Makino-Fayolle, Rose-Marie</subfield><subfield code="0">(DE-588)1050296079</subfield></datafield><datafield ind1="4" ind2=" " tag="856"><subfield code="3">Titelblatt und Inhaltsverzeichnis</subfield><subfield code="u">https://toc.library.ethz.ch/objects/pdf/z01_978-2-7427-8829-3_01.pdf</subfield><subfield code="q">pdf</subfield></datafield><datafield ind1=" " ind2=" " tag="900"><subfield code="a">IDSZ2zbzmon201003f</subfield><subfield code="c">IDSZ2meyr</subfield><subfield code="d">IDSZ2zbzswk201004b</subfield><subfield code="e">IDSZ2mors</subfield></datafield><datafield ind1=" " ind2=" " tag="949"><subfield code="a">https://toc.library.ethz.ch/objects/pdf/z01_978-2-7427-8829-3_01.pdf</subfield></datafield></record>
</metadata></record>