<record><header><identifier>oai:alma.41SLSP_UGE:991000784509705502</identifier><datestamp>2024-03-09T01:30:34Z</datestamp><setSpec>uge_bcen_RapidILL_BOOK</setSpec><setSpec>uge_aaca_RapidILL_BOOK</setSpec><setSpec>uge_abels_RapidILL_BOOK</setSpec><setSpec>uge_dbu_RapidILL_BOOK</setSpec><setSpec>uge_cmu_RapidILL_BOOK</setSpec><setSpec>uge_mail_RapidILL_BOOK</setSpec><setSpec>uge_abbat_RapidILL_BOOK</setSpec><setSpec>UNIGE_ALL</setSpec><setSpec>uge_acar_RapidILL_BOOK</setSpec><setSpec>uge_aobs_RapidILL_BOOK</setSpec></header><metadata>
<record xmlns="http://www.loc.gov/MARC21/slim" xmlns:xsi="http://www.w3.org/2001/XMLSchema-instance" xsi:schemaLocation="http://www.loc.gov/MARC21/slim http://www.loc.gov/standards/marcxml/schema/MARC21slim.xsd"><leader>13765nam a2201369 c 4500</leader><controlfield tag="001">991000784509705502</controlfield><controlfield tag="005">20240308224914.0</controlfield><controlfield tag="008">201011s2006    gw ||||| |||| 00| ||ger d</controlfield><datafield ind1=" " ind2=" " tag="015"><subfield code="a">GFR-CIP-06,N31,1198</subfield><subfield code="a">DNB-07,A13,0692</subfield></datafield><datafield ind1="7" ind2=" " tag="016"><subfield code="a">98042142X</subfield><subfield code="2">GyFmDB</subfield></datafield><datafield ind1=" " ind2=" " tag="020"><subfield code="a">9783412086060</subfield><subfield code="q">Gb.</subfield><subfield code="c">ca. EUR 49.90</subfield></datafield><datafield ind1=" " ind2=" " tag="020"><subfield code="a">3412086061</subfield><subfield code="q">Gb.</subfield><subfield code="c">ca. EUR 49.90</subfield></datafield><datafield ind1=" " ind2=" " tag="035"><subfield code="a">(swissbib)22807522X-41slsp_network</subfield></datafield><datafield ind1=" " ind2=" " tag="035"><subfield code="a">22807522X</subfield><subfield code="9">ExL</subfield></datafield><datafield ind1=" " ind2=" " tag="035"><subfield code="a">(RERO)R004216761-41slsp</subfield></datafield><datafield ind1=" " ind2=" " tag="035"><subfield code="a">(IDSBB)004175552DSV01</subfield></datafield><datafield ind1=" " ind2=" " tag="035"><subfield code="a">(IDSLU)000514936ILU01</subfield></datafield><datafield ind1=" " ind2=" " tag="035"><subfield code="a">(NEBIS)005318919EBI01</subfield></datafield><datafield ind1=" " ind2=" " tag="035"><subfield code="a">(IDSSG)000626665HSB01</subfield></datafield><datafield ind1=" " ind2=" " tag="035"><subfield code="a">(ABN)000531092ABN01</subfield></datafield><datafield ind1=" " ind2=" " tag="035"><subfield code="a">(EXLNZ-41SLSP_NETWORK)991012832249705501</subfield></datafield><datafield ind1=" " ind2=" " tag="040"><subfield code="a">RERO labcud</subfield><subfield code="d">CH-ZuSLS</subfield></datafield><datafield ind1=" " ind2=" " tag="044"><subfield code="a">gw</subfield></datafield><datafield ind1=" " ind2="7" tag="072"><subfield code="a">ht</subfield><subfield code="2">rero</subfield></datafield><datafield ind1=" " ind2="7" tag="072"><subfield code="a">sg</subfield><subfield code="2">SzZuIDS BS/BE</subfield></datafield><datafield ind1=" " ind2="7" tag="072"><subfield code="a">650</subfield><subfield code="2">IDS LU</subfield></datafield><datafield ind1="0" ind2="4" tag="082"><subfield code="a">368.384009494</subfield><subfield code="2">22</subfield></datafield><datafield ind1="0" ind2="4" tag="082"><subfield code="a">368.410094940904</subfield><subfield code="2">22</subfield></datafield><datafield ind1="1" ind2="4" tag="082"><subfield code="a">949.4</subfield><subfield code="2">15</subfield></datafield><datafield ind1=" " ind2=" " tag="084"><subfield code="a">NW 6260</subfield><subfield code="2">rvk</subfield></datafield><datafield ind1=" " ind2=" " tag="084"><subfield code="a">NP 5680</subfield><subfield code="2">rvk</subfield></datafield><datafield ind1=" " ind2=" " tag="084"><subfield code="a">QX 720</subfield><subfield code="2">rvk</subfield></datafield><datafield ind1="1" ind2=" " tag="100"><subfield code="6">880-01</subfield><subfield code="a">Lengwiler, Martin</subfield><subfield code="c">historien</subfield><subfield code="d">1965-....</subfield><subfield code="0">(IDREF)05815101X</subfield><subfield code="4">cre</subfield></datafield><datafield ind1="1" ind2=" " tag="880"><subfield code="a">Lengwiler, Martin</subfield><subfield code="d">1965-</subfield><subfield code="0">(DE-588)121627047</subfield><subfield code="6">100-01</subfield></datafield><datafield ind1="1" ind2="0" tag="245"><subfield code="a">Risikopolitik im Sozialstaat</subfield><subfield code="b">die schweizerische Unfallversicherung, 1870-1970</subfield><subfield code="c">Martin Lengwiler</subfield></datafield><datafield ind1=" " ind2="1" tag="264"><subfield code="a">Köln</subfield><subfield code="b">Böhlau</subfield><subfield code="c">2006</subfield></datafield><datafield ind1=" " ind2=" " tag="300"><subfield code="a">445 S.</subfield><subfield code="b">Ill.</subfield><subfield code="c">24 cm</subfield></datafield><datafield ind1=" " ind2=" " tag="336"><subfield code="b">txt</subfield><subfield code="2">rdacontent</subfield></datafield><datafield ind1=" " ind2=" " tag="337"><subfield code="b">n</subfield><subfield code="2">rdamedia</subfield></datafield><datafield ind1=" " ind2=" " tag="338"><subfield code="b">nc</subfield><subfield code="2">rdacarrier</subfield></datafield><datafield ind1="1" ind2=" " tag="490"><subfield code="a">Industrielle Welt</subfield><subfield code="v">Bd. 69</subfield></datafield><datafield ind1=" " ind2=" " tag="500"><subfield code="a">Zugleich: Habil.-Schrift Zürich, 2004</subfield></datafield><datafield ind1=" " ind2=" " tag="502"><subfield code="a">Zugl.: Zürich, Univ., Habil.-Schr., 2004</subfield></datafield><datafield ind1="0" ind2=" " tag="505"><subfield code="a">[Table des matières] - Inhalt - Vorwort - Verzeichnis der Diagramme, Tabellen und Abbildungen - Teil I: Wissenschaft und Politik in der Planungsphase (1870-1918) - Teil II: Risikopolitische und versicherungstechnische Lernprozesse in der Konstitutionsphase (1918-1945) - Teil III: Risikoforschung, Risikopolitik und Risikoverhalten in der Konsolidierungsphase (1945-1970)</subfield></datafield><datafield ind1="8" ind2=" " tag="520"><subfield code="a">Sozialversicherungen haben den Umgang mit Risiken seit dem ausgehenden 19. Jahrhundert fundamental verändert. Am Beispiel der staatlichen Unfallversicherung der Schweiz wird dieser Wandel, eingebettet in den europäischen und transatlantischen Kontext, untersucht. Das Buch verfolgt die Entwicklung der Risikoforschung von der Planung der staatlichen Unfallversicherung vor dem Ersten Weltkrieg bis zu ihrer Konsolidierung nach 1945. Arbeitsmedizin, Arbeitspsychologie und Versicherungsmathematik spielten für die Organisation und Durchführung der Unfallversicherung eine Schlüsselrolle. Der Staat erlaubte diesen Disziplinen, ihre Risikokonzepte empirisch zu überprüfen und dadurch die Grundlagen für die moderne Risikoforschung zu bereiten. Beleuchtet wird auch der Aufstieg des Präventionsgedankens in der Industriearbeit nach 1945, der ein goldenes Zeitalter der sozialstaatlichen Risikoforschung einläutete. Insgesamt verweist die Studie auf das methodologisch noch kaum ausgeschöpfte Potential einer Verbindung von Sozial- und Wissenschaftsgeschichte</subfield><subfield code="5">RERO/laiuhm/03.2014</subfield></datafield><datafield ind1="2" ind2="7" tag="610"><subfield code="a">Suva</subfield><subfield code="g">Suisse</subfield><subfield code="0">(IDREF)24107441X</subfield><subfield code="2">idref</subfield></datafield><datafield ind1=" " ind2="7" tag="648"><subfield code="a">Sozialgeschichte 1870-1970</subfield><subfield code="2">gnd</subfield></datafield><datafield ind1=" " ind2="7" tag="648"><subfield code="a">Geschichte 1850-1900</subfield><subfield code="2">idszbz</subfield></datafield><datafield ind1=" " ind2="7" tag="648"><subfield code="a">Geschichte 1870-1970</subfield><subfield code="2">idszbz</subfield></datafield><datafield ind1=" " ind2="7" tag="648"><subfield code="a">Geschichte 1900-2000</subfield><subfield code="2">idszbz</subfield></datafield><datafield ind1=" " ind2="7" tag="648"><subfield code="a">Geschichte 1870-1970</subfield><subfield code="2">gnd</subfield></datafield><datafield ind1=" " ind2="7" tag="650"><subfield code="a">Gestion du risque</subfield><subfield code="0">(IDREF)02774230X</subfield><subfield code="2">idref</subfield></datafield><datafield ind1=" " ind2="7" tag="650"><subfield code="a">Assurance contre les accidents</subfield><subfield code="0">(IDREF)027739112</subfield><subfield code="2">idref</subfield></datafield><datafield ind1=" " ind2="7" tag="650"><subfield code="a">Sécurité du travail</subfield><subfield code="0">(IDREF)027248518</subfield><subfield code="2">idref</subfield></datafield><datafield ind1=" " ind2="7" tag="650"><subfield code="a">19e siècle (fin)-20e siècle</subfield><subfield code="0">(RERO)A022514908</subfield><subfield code="2">rero</subfield></datafield><datafield ind1=" " ind2="7" tag="650"><subfield code="a">UV</subfield><subfield code="9">ger</subfield><subfield code="0">(RERO)jurivoc000024085ger</subfield><subfield code="2">jurivoc</subfield></datafield><datafield ind1=" " ind2="7" tag="650"><subfield code="a">Unfall</subfield><subfield code="9">ger</subfield><subfield code="0">(RERO)jurivoc000023548ger</subfield><subfield code="2">jurivoc</subfield></datafield><datafield ind1=" " ind2="7" tag="650"><subfield code="a">Risikoanalyse</subfield><subfield code="9">ger</subfield><subfield code="0">(RERO)jurivoc000018965ger</subfield><subfield code="2">jurivoc</subfield></datafield><datafield ind1=" " ind2="7" tag="650"><subfield code="a">Versicherungstechnik</subfield><subfield code="9">ger</subfield><subfield code="0">(RERO)jurivoc000025123ger</subfield><subfield code="2">jurivoc</subfield></datafield><datafield ind1=" " ind2="7" tag="650"><subfield code="a">Versicherungsmathematik</subfield><subfield code="9">ger</subfield><subfield code="0">(RERO)jurivoc000025109ger</subfield><subfield code="2">jurivoc</subfield></datafield><datafield ind1=" " ind2="7" tag="650"><subfield code="a">Verhütung von Berufsunfällen</subfield><subfield code="9">ger</subfield><subfield code="0">(RERO)jurivoc000024560ger</subfield><subfield code="2">jurivoc</subfield></datafield><datafield ind1=" " ind2="7" tag="650"><subfield code="a">Silikose</subfield><subfield code="9">ger</subfield><subfield code="0">(RERO)jurivoc000020291ger</subfield><subfield code="2">jurivoc</subfield></datafield><datafield ind1=" " ind2="7" tag="650"><subfield code="a">Arbeitssicherheit</subfield><subfield code="9">ger</subfield><subfield code="0">(RERO)jurivoc000001689ger</subfield><subfield code="2">jurivoc</subfield></datafield><datafield ind1=" " ind2="7" tag="650"><subfield code="a">Verkehrsunfall</subfield><subfield code="9">ger</subfield><subfield code="0">(RERO)jurivoc000024605ger</subfield><subfield code="2">jurivoc</subfield></datafield><datafield ind1=" " ind2="7" tag="650"><subfield code="a">Suva</subfield><subfield code="9">ger</subfield><subfield code="0">(RERO)jurivoc000022075ger</subfield><subfield code="2">jurivoc</subfield></datafield><datafield ind1=" " ind2="7" tag="650"><subfield code="a">Geschichte</subfield><subfield code="9">ger</subfield><subfield code="0">(RERO)jurivoc000009794ger</subfield><subfield code="2">jurivoc</subfield></datafield><datafield ind1=" " ind2="7" tag="650"><subfield code="a">Rechtsgeschichte</subfield><subfield code="9">ger</subfield><subfield code="0">(RERO)jurivoc000018353ger</subfield><subfield code="2">jurivoc</subfield></datafield><datafield ind1=" " ind2="7" tag="650"><subfield code="a">Sozialstaat</subfield><subfield code="9">ger</subfield><subfield code="0">(RERO)jurivoc000020522ger</subfield><subfield code="2">jurivoc</subfield></datafield><datafield ind1=" " ind2="7" tag="650"><subfield code="a">Sozialpolitik</subfield><subfield code="9">ger</subfield><subfield code="0">(RERO)jurivoc000020519ger</subfield><subfield code="2">jurivoc</subfield></datafield><datafield ind1=" " ind2="7" tag="650"><subfield code="a">assurance maladie et accident</subfield><subfield code="0">(RERO)A010046698</subfield><subfield code="2">rerovoc</subfield></datafield><datafield ind1=" " ind2="7" tag="650"><subfield code="a">1870-1970</subfield><subfield code="2">rero</subfield></datafield><datafield ind1=" " ind2="7" tag="650"><subfield code="a">Politique sociale</subfield><subfield code="0">(IDREF)027274292</subfield><subfield code="2">idref</subfield></datafield><datafield ind1=" " ind2="7" tag="650"><subfield code="a">Unfallversicherung</subfield><subfield code="z">Schweiz</subfield><subfield code="y">Geschichte</subfield><subfield code="2">idsbb</subfield></datafield><datafield ind1=" " ind2="7" tag="650"><subfield code="a">Sozialgeschichte</subfield><subfield code="0">(DE-STW)15723-6</subfield><subfield code="2">stw</subfield></datafield><datafield ind1=" " ind2="7" tag="650"><subfield code="a">Unfallversicherung</subfield><subfield code="0">(DE-STW)13411-0</subfield><subfield code="2">stw</subfield></datafield><datafield ind1=" " ind2="7" tag="650"><subfield code="a">Unfallversicherung</subfield><subfield code="2">idszbz</subfield></datafield><datafield ind1=" " ind2="0" tag="650"><subfield code="a">Accident insurance</subfield><subfield code="z">Switzerland</subfield><subfield code="x">History</subfield></datafield><datafield ind1=" " ind2="0" tag="650"><subfield code="a">Risk (Insurance)</subfield><subfield code="z">Switzerland</subfield><subfield code="x">History</subfield></datafield><datafield ind1=" " ind2="0" tag="650"><subfield code="a">Workers' compensation</subfield><subfield code="z">Switzerland</subfield><subfield code="x">History</subfield></datafield><datafield ind1=" " ind2="7" tag="650"><subfield code="a">FÜRSORGEGESCHICHTE (SOZIALWESEN)</subfield><subfield code="9">ger</subfield><subfield code="0">(ETHUDK)000042444</subfield><subfield code="2">ethudk</subfield></datafield><datafield ind1=" " ind2="7" tag="650"><subfield code="a">GEFAHREN + RISIKO (SICHERHEIT UND GEFAHR)</subfield><subfield code="9">ger</subfield><subfield code="0">(ETHUDK)000049501</subfield><subfield code="2">ethudk</subfield></datafield><datafield ind1=" " ind2="7" tag="650"><subfield code="a">OBLIGATORISCHE UNFALLVERSICHERUNG (VERSICHERUNGSWESEN)</subfield><subfield code="9">ger</subfield><subfield code="0">(ETHUDK)000011967</subfield><subfield code="2">ethudk</subfield></datafield><datafield ind1=" " ind2="7" tag="650"><subfield code="a">SCHWEIZ (MITTELEUROPA). SCHWEIZERISCHE EIDGENOSSENSCHAFT</subfield><subfield code="9">ger</subfield><subfield code="0">(ETHUDK)000004571</subfield><subfield code="2">ethudk</subfield></datafield><datafield ind1=" " ind2="7" tag="650"><subfield code="a">SOZIALVERSICHERUNG (VERSICHERUNGSWESEN)</subfield><subfield code="9">ger</subfield><subfield code="0">(ETHUDK)000011966</subfield><subfield code="2">ethudk</subfield></datafield><datafield ind1=" " ind2="7" tag="650"><subfield code="a">WISSENSCHAFTSGESCHICHTE</subfield><subfield code="9">ger</subfield><subfield code="0">(ETHUDK)000041769</subfield><subfield code="2">ethudk</subfield></datafield><datafield ind1=" " ind2="7" tag="650"><subfield code="a">WOHLFAHRTSSTAAT + SOZIALSTAAT (STAATSRECHT)</subfield><subfield code="9">ger</subfield><subfield code="0">(ETHUDK)000038221</subfield><subfield code="2">ethudk</subfield></datafield><datafield ind1=" " ind2="7" tag="650"><subfield code="a">&quot;1870/1970&quot;</subfield><subfield code="2">ethudk</subfield></datafield><datafield ind1=" " ind2="7" tag="650"><subfield code="a">Risiko</subfield><subfield code="0">(DE-588)4050129-2</subfield><subfield code="2">gnd</subfield></datafield><datafield ind1=" " ind2="7" tag="650"><subfield code="a">Unfallversicherung</subfield><subfield code="0">(DE-588)4061707-5</subfield><subfield code="2">gnd</subfield></datafield><datafield ind1=" " ind2="7" tag="651"><subfield code="a">Suisse</subfield><subfield code="0">(IDREF)027249654</subfield><subfield code="2">idref</subfield></datafield><datafield ind1=" " ind2="7" tag="651"><subfield code="a">Schweiz</subfield><subfield code="9">ger</subfield><subfield code="0">(RERO)jurivoc000019912ger</subfield><subfield code="2">jurivoc</subfield></datafield><datafield ind1=" " ind2="7" tag="651"><subfield code="a">Schweiz</subfield><subfield code="2">idszbz</subfield></datafield><datafield ind1=" " ind2="7" tag="651"><subfield code="a">Schweiz</subfield><subfield code="0">(DE-588)4053881-3</subfield><subfield code="2">gnd</subfield></datafield><datafield ind1=" " ind2="7" tag="655"><subfield code="a">Thèses et écrits académiques</subfield><subfield code="0">(IDREF)027253139</subfield><subfield code="2">idref</subfield></datafield><datafield ind1=" " ind2="7" tag="655"><subfield code="a">Hochschulschrift</subfield><subfield code="2">gnd-content</subfield></datafield><datafield ind1=" " ind2=" " tag="690"><subfield code="a">Sozialgeschichte</subfield><subfield code="2">ubs-FC</subfield></datafield><datafield ind1=" " ind2=" " tag="690"><subfield code="a">Unfallversicherung</subfield><subfield code="2">ubs-FC</subfield></datafield><datafield ind1=" " ind2=" " tag="690"><subfield code="a">Unfallversicherung</subfield><subfield code="x">Risiko</subfield><subfield code="x">Geschichte 1870-1970</subfield><subfield code="2">nebis-E4</subfield></datafield><datafield ind1=" " ind2=" " tag="690"><subfield code="a">Versicherungswesen</subfield><subfield code="2">uzb-UU</subfield></datafield><datafield ind1=" " ind2=" " tag="690"><subfield code="a">Sozialgeschichte</subfield><subfield code="2">uzb-UU</subfield></datafield><datafield ind1=" " ind2=" " tag="690"><subfield code="a">Schweiz: Medizingeschichte</subfield><subfield code="2">uzb-UU</subfield></datafield><datafield ind1=" " ind2=" " tag="690"><subfield code="a">Sozialversicherung</subfield><subfield code="2">rzh-UA</subfield></datafield><datafield ind1=" " ind2=" " tag="690"><subfield code="a">Schweiz</subfield><subfield code="2">rzh-UA</subfield></datafield><datafield ind1=" " ind2=" " tag="690"><subfield code="a">Schweizerische Unfallversicherungsanstalt</subfield><subfield code="2">rzh-UA</subfield></datafield><datafield ind1=" " ind2=" " tag="690"><subfield code="a">Dogmengeschichte; Risiko; Rentenpolitik; Umlageverfahren; Unfallversicherung; Weltkrieg; Kalkulation; Lebensversicherung; Arbeitsmedizin; Entdeckungsgeschichte; Entwicklung; Präventivmedizin; Arbeitspsychologie; Sozialversicherung; Technik; Verkehrsunfall; Arbeitsschutz; Soziologie; Gutachen; Intervention; numerisches Verfahren; Erwerbsunfähigkeitsrente; Unfallverhütung; Vorsorgeprinzip; Äquivalenzprinzip; Entwicklungsstufe; Verzeichnis; Wahrscheinlichkeitsrechnung; Konstitution; Leistung; Fallstudie; Sozialstaat; Debatte; Haftfestigkeit; Diagnose; Systemanalyse; Versicherungswissenschaft; Silikose; Tabellenwerk; Gesetzgebung; Solidarität; Lernen; Wahrnehmung; Kausalität; Abbildung; Ablehnung; Erforschung; Erschließung; Gliederung; Kommunikation; Potenzial; Verantwortung; Ärzte; Diskurs; Gemeinschaft; Berufskrankheit; Gerechtigkeit; Hygiene; Kodex; Kompetenz; Verbot; Vertraulichkeit</subfield><subfield code="2">idssg-J</subfield></datafield><datafield ind1=" " ind2=" " tag="690"><subfield code="a">Risikoforschung; Risikopolitik; Lebensversicherungsmedizin; Sozialstaatsgeschichte; Technikhaftung; Versicherungsleistung; Vertrauenstechnologie; Arztpatientenverhältnis; Fallanalyse; Risikokonflikt; Risikowahrnehmung; Unfallrisiko; Entstehungsgeschichte; Fallbeispiel; Gefahrenforschung; Kalkulationsdebatte; Konsensfindung; Leistungsreduktion; Persönlichkeitsforschung; Probabilistik; Propagandaforschung; Präventionspolitik; Psychotechnik; Risikofaktorforschung; Risikokalkulation; Risikokommunikation; Sozialstaatsdebatte; Technikforschung; Unfallneigung; Unfallprävention; Verkehrsgesetzgebung; Abkürzungsverzeichnis; Arbeitsverbot; Aufnahmebedingung; Frauenarbeitsschutz; Gewerbehygiene; Literaturverzeichnis; Rentenkapitalisierung; Sekundärliteratur; Selbstrelativierung; Silikosediagnose; Technikkompetenz; Verhaltenskodex; Wahrscheinlichkeitsdiagnose; Einstufungsverfahren; Firstbewegung; Forschungsstand; Gegengutachten; Motorfahrzeugverkehr; Prämienkonflikt; Sicherheitsdiskurs; Solidargemeinschaft; Unfallversicherungsgesetz; Verhaltensnormen; Versichertengemeinschaft; Alternativmodell; Arbeitsalltag; Archivquelle; Beurteilungsgrundlage; Degenerationsmodell; Denkstil; Erklärungsmodell; Fehlerquote; Finanzierungssystem; Formularwesen; Frühform; Giftliste; Gliedertaxe; Integrationsmechanismus; Kassenärztesystem; Kausalitätsmodell; Konfliktfeld; Konsolidierungsphase; Konstitutionsphase; Laienwissen; Periodisierungsmodell; Planungsphase; Prämiensystem; Risikogesellschaft; Risikoheuristik; Risikoklasse; Risikomodell; Risikoverhalten; Schnapsrente; Sicherheitsmodell; Silikosefalle; Solidarmodell; Staudammbau; Unfallangst; Unfallneurose; Unfallpersönlichkeit; Unsicherheitspotenzial; Untersuchungszeitraum; Verhaltensmuster; Versicherungsalltag; Versicherungsarzt; Versicherungsgericht; Versicherungsmissbrauch; Versicherungsmodell; Vertrauenskrise; Zwischenkriegszeit</subfield><subfield code="2">idssg-J</subfield></datafield><datafield ind1=" " ind2=" " tag="690"><subfield code="a">inkrementelle Verwissenschaftlichung; normativer Integrationsmechanismus; präventive Risikoforschung; reichweites Risikomodell; risikopolitischer Lernprozess; wissenschaftshistorischer Ansatz; 1960er Jahr; allgemeine Solidarität; amerikanische Safety; angewandte Arbeitspsychologie; bakteriologischer Denkstil; berechnende Mildtätigkeit; beschränkte Professionalisierung; bürgerlich Sozietätenbewegung; diskontinuierliche Verwissenschaftlichung; dritter Schritt; erster Schritt; erstes Unsicherheitspotenzial; erster Weltkrieg; europäisches Versicherungsmodell; frühe Soziologie; gedruckte Quelle; gerichtsmedizinisches Institut; goldenes Zeitalter; grobe Fahrlässigkeit; heuristisches Verhaltensmuster; hybrider Sozialstaat; institutionalisierte Unfallverhütung; interdisziplinäre Versicherungswissenschaft; internationales Modell; kalkulatorischer Lernprozess; kalkulatorisches Problem; kalkulierte Solidarität; korporatistische Organisationsstruktur; medizinisches Arztpatientenverhältnis; medizinisches Formularwesen; methodische Präzisierung; minderwertiges Leben; monodisziplinäre Institutionalisierung; männliche Unfallneigung; neue Disziplin; neue Kausalität; numerische Methode; objektbezogene Verantwortung; organisationale Bedingung; pauschalierendes Einstufungsverfahren; politisches Argument; politischer Integrationsmechanismus; politische Vertrauenstechnologie; positives Sicherheitsmodell; privates Großunternehmen; probabilistisches Kausalitätsmodell; probabilistische Silikosediagnose; prognostische Medizin; prozesshaft Probabilisierung; prozesshafte Ökonomisierung; psychoanalytisch Gendering; psychologische Persönlichkeitsforschung; psychologische Professionalisierung; psychologische Prävention; restriktive Präventionspolitik; risikopolitische Strategie; risikosoziologischer Ansatz; schweizerische Fallstudie; schweizerische Safety; schweizerische Unfallversicherung; selekti</subfield><subfield code="2">idssg-J</subfield></datafield><datafield ind1=" " ind2=" " tag="690"><subfield code="a">ve Risikoforschung; soziale Kontrolle; sozialstaatliches Ergebnis; sozialstaatliche Expertise; sozialstaatliche Kalkulationsdebatte; sozialstaatliche Risikoforschung; sozialstaatliche Risikopolitik; staatliche Unfallversicherung; statistische Vorarbeit; subjektive Risikoheuristik; szientistisches Kontrollinstrument; technische Reduktion; technische Risikoforschung; technischer Unfallschutz; versicherungstechnischer Lernprozess; versicherungstechnische Risikokalkulation; weibliche Unfallangst; wissenschaftliche Expertise; wissenschaftliches Risikomodell; zweite Potenz; zweiter Schritt; zweites Unsicherheitspotenzial; öffentliches Thema</subfield><subfield code="2">idssg-J</subfield></datafield><datafield ind1=" " ind2=" " tag="690"><subfield code="a">Fidschi C8FIJI; Schweiz C4EXSI; Deutschland C4EUGE; Österreich C4EUAU; Thüringen C4EUGE; Welt C00WOR</subfield><subfield code="2">idssg-J</subfield></datafield><datafield ind1=" " ind2=" " tag="690"><subfield code="a">Begriffsdefinition Sozialstaat Risiko; erst Weltkrieg Genese; erst Unsicherheitspotenzial Beurteilungsgrundlagen; Fallanalyse Heuristische Verhaltensmuster; Fazit Begrenzte Reichweite; Fazit Organisationale Bedingungen; Fazit Prozesshafte Probabilisierung; Fazit Sozialstaatliche Expertise; Fazit Wissenschaftliche Expertise; Gegenwind Öffentliche Sozialversicherungskontroversen; international Modelle Amerikanische Safety; kalkuliert Solidarität Versicherungstechnische Risikokalkulationen; Martin Lengwiler; minderwertig Leben Degenerationsmodelle; Solidarität Solidaritätsund Äquivalenzprinzip; Teil Risikoforschung Risikopolitik; Versicherungsarzt Medizinisches Formularwesen; Vertrauenstechnologie Wissenschaft Politik; Verwissenschaftlichung Risikopolitische Strategien</subfield><subfield code="2">idssg-J</subfield></datafield><datafield ind1=" " ind2="0" tag="830"><subfield code="a">Industrielle Welt</subfield><subfield code="v">69</subfield><subfield code="w">(NEBIS)000988102EBI01</subfield></datafield><datafield ind1="4" ind2=" " tag="856"><subfield code="u">https://d-nb.info/98042142x/04</subfield><subfield code="x">UZH-HS</subfield><subfield code="z">Freier Zugriff/Accès libre via World Wide Web</subfield><subfield code="z">Inhaltsverzeichnis=Table des matières</subfield></datafield><datafield ind1="4" ind2=" " tag="856"><subfield code="3">Inhaltsverzeichnis</subfield><subfield code="u">http://www.ub.unibas.ch/tox/HBZ/HT014954171/PDF</subfield><subfield code="q">pdf</subfield></datafield><datafield ind1=" " ind2=" " tag="900"><subfield code="a">IDSE5E51ANH-2011</subfield></datafield><datafield ind1=" " ind2=" " tag="900"><subfield code="a">IDSZ2rwimon200709l</subfield><subfield code="c">IDSZ2rosi</subfield><subfield code="d">IDSZ2rwiswk200709u</subfield></datafield><datafield ind1=" " ind2=" " tag="900"><subfield code="a">IDSZ2zbzmon200707l</subfield><subfield code="c">IDSZ2proc</subfield><subfield code="d">IDSZ2zbzswk200708b</subfield><subfield code="e">IDSZ2bucp</subfield></datafield><datafield ind1=" " ind2=" " tag="900"><subfield code="a">IDSE5E85ANH-2010</subfield></datafield><datafield ind1=" " ind2=" " tag="949"><subfield code="a">http://www.ub.unibas.ch/tox/HBZ/HT014954171/PDF</subfield></datafield></record>
</metadata></record>