<record><header><identifier>oai:alma.41SLSP_UGE:991000771009705502</identifier><datestamp>2023-03-01T01:10:10Z</datestamp><setSpec>uge_cmu_RapidILL_JOURNAL</setSpec><setSpec>uge_aobs_RapidILL_JOURNAL</setSpec><setSpec>uge_aaca_RapidILL_JOURNAL</setSpec><setSpec>uge_abbat_RapidILL_JOURNAL</setSpec><setSpec>uge_bcen_RapidILL_JOURNAL</setSpec><setSpec>uge_dbu_RapidILL_JOURNAL</setSpec><setSpec>uge_mail_RapidILL_JOURNAL</setSpec><setSpec>UNIGE_ALL</setSpec><setSpec>uge_abels_RapidILL_JOURNAL</setSpec><setSpec>uge_acar_RapidILL_JOURNAL</setSpec></header><metadata>
<record xmlns="http://www.loc.gov/MARC21/slim" xmlns:xsi="http://www.w3.org/2001/XMLSchema-instance" xsi:schemaLocation="http://www.loc.gov/MARC21/slim http://www.loc.gov/standards/marcxml/schema/MARC21slim.xsd"><leader>01451nas a2200301 c 4500</leader><controlfield tag="001">991000771009705502</controlfield><controlfield tag="005">20221221200435.0</controlfield><controlfield tag="008">960415uuuuuuuuusz || p|  ||| 1    0fre d</controlfield><datafield ind1=" " ind2=" " tag="019"><subfield code="a">Ajout par programme du champ 130 et du code de sous-champ 245 $c</subfield><subfield code="5">SLSP/202212</subfield></datafield><datafield ind1=" " ind2=" " tag="035"><subfield code="a">(swissbib)091145279-41slsp_network</subfield></datafield><datafield ind1=" " ind2=" " tag="035"><subfield code="a">091145279</subfield><subfield code="9">ExL</subfield></datafield><datafield ind1=" " ind2=" " tag="035"><subfield code="a">(RERO)2185493-41slsp</subfield></datafield><datafield ind1=" " ind2=" " tag="035"><subfield code="a">(EXLNZ-41SLSP_NETWORK)991080455049705501</subfield></datafield><datafield ind1=" " ind2=" " tag="040"><subfield code="a">RERO gevbaa</subfield><subfield code="d">CH-ZuSLS</subfield></datafield><datafield ind1=" " ind2="7" tag="072"><subfield code="a">ba</subfield><subfield code="2">rero</subfield></datafield><datafield ind1="0" ind2=" " tag="130"><subfield code="a">Délibérations de l'Assemblée générale du ...</subfield><subfield code="g">Société suisse des monuments historiques. Assemblée générale</subfield></datafield><datafield ind1="1" ind2="0" tag="245"><subfield code="a">Délibérations de l'Assemblée générale du ...</subfield><subfield code="c">Société suisse des monuments historiques</subfield></datafield><datafield ind1="1" ind2=" " tag="246"><subfield code="a">Assemblée générale du ... / Société suisse des monuments historiques</subfield></datafield><datafield ind1=" " ind2="1" tag="264"><subfield code="a">[Var. loc.]</subfield><subfield code="b">Société suisse des monuments historiques</subfield></datafield><datafield ind1=" " ind2=" " tag="300"><subfield code="c">28 cm</subfield></datafield><datafield ind1=" " ind2=" " tag="310"><subfield code="a">Annuel</subfield></datafield><datafield ind1=" " ind2=" " tag="336"><subfield code="b">txt</subfield><subfield code="2">rdacontent</subfield></datafield><datafield ind1=" " ind2=" " tag="337"><subfield code="b">n</subfield><subfield code="2">rdamedia</subfield></datafield><datafield ind1=" " ind2=" " tag="338"><subfield code="b">nc</subfield><subfield code="2">rdacarrier</subfield></datafield><datafield ind1=" " ind2=" " tag="500"><subfield code="a">Variante du titre: Assemblée générale du</subfield></datafield><datafield ind1=" " ind2=" " tag="580"><subfield code="a">Ed. en all.: Protokoll der allgemeinen Sitzung ... / Schweizer. Gesellschaft für Erhaltung vaterländischer Kunstdenkmäler</subfield></datafield><datafield ind1="2" ind2=" " tag="710"><subfield code="a">Société suisse des monuments historiques</subfield><subfield code="b">Assemblée générale</subfield><subfield code="0">(RERO)A003846172</subfield></datafield><datafield ind1="0" ind2=" " tag="775"><subfield code="t">Protokoll der allgemeinen Sitzung ... / Schweizer. Gesellschaft für Erhaltung vaterländischer Kunstdenkmäler</subfield><subfield code="w">(RERO)2026331-41slsp</subfield></datafield><datafield ind1=" " ind2=" " tag="900"><subfield code="a">REROnoselfmerge</subfield></datafield></record>
</metadata></record>