<record><header><identifier>oai:alma.41SLSP_UGE:991000771629705502</identifier><datestamp>2023-03-01T01:10:10Z</datestamp><setSpec>uge_bcen_RapidILL_BOOK</setSpec><setSpec>uge_aaca_RapidILL_BOOK</setSpec><setSpec>uge_abels_RapidILL_BOOK</setSpec><setSpec>uge_dbu_RapidILL_BOOK</setSpec><setSpec>uge_cmu_RapidILL_BOOK</setSpec><setSpec>uge_mail_RapidILL_BOOK</setSpec><setSpec>UNIGE_ALL</setSpec><setSpec>uge_abbat_RapidILL_BOOK</setSpec><setSpec>uge_aobs_RapidILL_BOOK</setSpec><setSpec>uge_acar_RapidILL_BOOK</setSpec></header><metadata>
<record xmlns="http://www.loc.gov/MARC21/slim" xmlns:xsi="http://www.w3.org/2001/XMLSchema-instance" xsi:schemaLocation="http://www.loc.gov/MARC21/slim http://www.loc.gov/standards/marcxml/schema/MARC21slim.xsd"><leader>02510nam a2200673 c 4500</leader><controlfield tag="001">991000771629705502</controlfield><controlfield tag="005">20230122194325.0</controlfield><controlfield tag="008">201011t19971997gw ||||| |||| 00| ||ger d</controlfield><datafield ind1=" " ind2=" " tag="015"><subfield code="a">98,A06,0251</subfield></datafield><datafield ind1=" " ind2=" " tag="020"><subfield code="a">3451264102</subfield><subfield code="q">Pp.</subfield></datafield><datafield ind1=" " ind2=" " tag="035"><subfield code="a">(swissbib)218218826-41slsp_network</subfield></datafield><datafield ind1=" " ind2=" " tag="035"><subfield code="a">218218826</subfield><subfield code="9">ExL</subfield></datafield><datafield ind1=" " ind2=" " tag="035"><subfield code="a">(RERO)R257815060-41slsp</subfield></datafield><datafield ind1=" " ind2=" " tag="035"><subfield code="a">(IDSBB)001445461DSV01</subfield></datafield><datafield ind1=" " ind2=" " tag="035"><subfield code="a">(IDSLU)000158913ILU01</subfield></datafield><datafield ind1=" " ind2=" " tag="035"><subfield code="a">(NEBIS)001881063EBI01</subfield></datafield><datafield ind1=" " ind2=" " tag="035"><subfield code="a">(EXLNZ-41SLSP_NETWORK)991110650309705501</subfield></datafield><datafield ind1=" " ind2=" " tag="040"><subfield code="a">RERO geuth-</subfield><subfield code="d">CH-ZuSLS</subfield></datafield><datafield ind1=" " ind2=" " tag="044"><subfield code="a">gw</subfield><subfield code="a">sz</subfield></datafield><datafield ind1=" " ind2="7" tag="072"><subfield code="a">th</subfield><subfield code="2">rero</subfield></datafield><datafield ind1=" " ind2="7" tag="072"><subfield code="a">th</subfield><subfield code="2">SzZuIDS BS/BE</subfield></datafield><datafield ind1=" " ind2="7" tag="072"><subfield code="a">730</subfield><subfield code="2">IDS LU</subfield></datafield><datafield ind1="0" ind2="0" tag="082"><subfield code="a">232.9/0082</subfield><subfield code="2">21</subfield></datafield><datafield ind1=" " ind2=" " tag="084"><subfield code="a">BC 7470</subfield><subfield code="2">rvk</subfield></datafield><datafield ind1=" " ind2=" " tag="084"><subfield code="a">BC 7500</subfield><subfield code="2">rvk</subfield></datafield><datafield ind1="1" ind2=" " tag="100"><subfield code="a">Melzer-Keller, Helga</subfield><subfield code="0">(IDREF)060796839</subfield><subfield code="4">cre</subfield></datafield><datafield ind1="1" ind2="0" tag="245"><subfield code="a">Jesus und die Frauen</subfield><subfield code="b">eine Verhältnisbestimmung nach den synoptischen Überlieferungen</subfield><subfield code="c">Helga Melzer-Keller</subfield></datafield><datafield ind1=" " ind2="1" tag="264"><subfield code="a">Freiburg im Breisgau [etc.]</subfield><subfield code="b">Herder</subfield><subfield code="c">1997</subfield></datafield><datafield ind1=" " ind2="4" tag="264"><subfield code="c">© 1997</subfield></datafield><datafield ind1=" " ind2=" " tag="300"><subfield code="a">XIX, 487 p.</subfield><subfield code="c">25 cm</subfield></datafield><datafield ind1=" " ind2=" " tag="336"><subfield code="b">txt</subfield><subfield code="2">rdacontent</subfield></datafield><datafield ind1=" " ind2=" " tag="337"><subfield code="b">n</subfield><subfield code="2">rdamedia</subfield></datafield><datafield ind1=" " ind2=" " tag="338"><subfield code="b">nc</subfield><subfield code="2">rdacarrier</subfield></datafield><datafield ind1="1" ind2=" " tag="490"><subfield code="a">Herders biblische Studien</subfield><subfield code="v">Bd. 14</subfield></datafield><datafield ind1=" " ind2=" " tag="502"><subfield code="a">Zugl.: Leicht überarb. Diss. Kath.-Theol. Fak. Univ. Würzburg, 1996/97</subfield></datafield><datafield ind1=" " ind2=" " tag="504"><subfield code="a">Literaturverz.</subfield></datafield><datafield ind1="0" ind2="7" tag="600"><subfield code="a">Jésus-Christ</subfield><subfield code="0">(IDREF)027325636</subfield><subfield code="2">idref</subfield></datafield><datafield ind1="0" ind2="7" tag="600"><subfield code="a">Jesus Christus</subfield><subfield code="2">idszbz</subfield></datafield><datafield ind1="0" ind2="7" tag="600"><subfield code="a">Jesus Christus</subfield><subfield code="0">(DE-588)118557513</subfield><subfield code="2">gnd</subfield></datafield><datafield ind1="0" ind2="0" tag="600"><subfield code="a">Jesus Christ</subfield><subfield code="x">Views on women</subfield></datafield><datafield ind1="0" ind2="7" tag="630"><subfield code="a">Bible</subfield><subfield code="p">N.T.</subfield><subfield code="p">Évangiles synoptiques</subfield><subfield code="0">(IDREF)027600688</subfield><subfield code="2">idref</subfield></datafield><datafield ind1="0" ind2="7" tag="630"><subfield code="a">Synoptische Evangelien</subfield><subfield code="2">idszbz</subfield></datafield><datafield ind1="0" ind2="7" tag="630"><subfield code="a">Bibel</subfield><subfield code="p">Synoptische Evangelien</subfield><subfield code="0">(DE-588)4078110-0</subfield><subfield code="2">gnd</subfield></datafield><datafield ind1="0" ind2="0" tag="630"><subfield code="a">Bible</subfield><subfield code="p">Gospels</subfield><subfield code="x">Criticism, interpretation, etc</subfield></datafield><datafield ind1=" " ind2="7" tag="650"><subfield code="a">Femmes</subfield><subfield code="0">(IDREF)027537242</subfield><subfield code="2">idref</subfield></datafield><datafield ind1=" " ind2="7" tag="650"><subfield code="a">Neues Testament</subfield><subfield code="x">Frau</subfield><subfield code="2">idsbb</subfield></datafield><datafield ind1=" " ind2="7" tag="650"><subfield code="a">Frau</subfield><subfield code="x">Neues Testament</subfield><subfield code="2">idsbb</subfield></datafield><datafield ind1=" " ind2="7" tag="650"><subfield code="a">Frau</subfield><subfield code="2">idszbz</subfield></datafield><datafield ind1=" " ind2="7" tag="650"><subfield code="a">Frau</subfield><subfield code="0">(DE-588)4018202-2</subfield><subfield code="2">gnd</subfield></datafield><datafield ind1=" " ind2="0" tag="650"><subfield code="a">Women in the Bible</subfield></datafield><datafield ind1=" " ind2="7" tag="655"><subfield code="a">Hochschulschrift</subfield><subfield code="2">gnd-content</subfield></datafield><datafield ind1=" " ind2=" " tag="690"><subfield code="a">Frau, B: Bibel N.T.: Evangelien, synoptische</subfield><subfield code="2">rzs-L1</subfield></datafield><datafield ind1=" " ind2=" " tag="690"><subfield code="a">Bibel N.T., B: Frau</subfield><subfield code="2">rzs-L1</subfield></datafield><datafield ind1=" " ind2=" " tag="690"><subfield code="a">Evangelien, B: synoptische: Frau</subfield><subfield code="2">rzs-L1</subfield></datafield><datafield ind1=" " ind2=" " tag="690"><subfield code="a">Christus &amp; Frauen</subfield><subfield code="2">rzs-L1</subfield></datafield><datafield ind1=" " ind2=" " tag="690"><subfield code="a">Frau &amp; Christus</subfield><subfield code="2">rzs-L1</subfield></datafield><datafield ind1="4" ind2=" " tag="856"><subfield code="3">Inhaltsverzeichnis</subfield><subfield code="u">http://www.ub.unibas.ch/tox/HBZ/HT007827379/PDF</subfield><subfield code="q">pdf</subfield></datafield><datafield ind1=" " ind2=" " tag="830"><subfield code="a">Herders biblische Studien</subfield><subfield code="v">14</subfield><subfield code="w">(IDSLU)000162815ILU01</subfield></datafield><datafield ind1=" " ind2=" " tag="900"><subfield code="a">REROnoselfmerge</subfield></datafield><datafield ind1=" " ind2=" " tag="949"><subfield code="a">http://www.ub.unibas.ch/tox/HBZ/HT007827379/PDF</subfield></datafield></record>
</metadata></record>