<record><header><identifier>oai:alma.41SLSP_UGE:991000771329705502</identifier><datestamp>2023-06-21T00:37:17Z</datestamp><setSpec>uge_bcen_RapidILL_BOOK</setSpec><setSpec>uge_aaca_RapidILL_BOOK</setSpec><setSpec>uge_abels_RapidILL_BOOK</setSpec><setSpec>uge_dbu_RapidILL_BOOK</setSpec><setSpec>uge_cmu_RapidILL_BOOK</setSpec><setSpec>uge_mail_RapidILL_BOOK</setSpec><setSpec>uge_abbat_RapidILL_BOOK</setSpec><setSpec>UNIGE_ALL</setSpec><setSpec>uge_aobs_RapidILL_BOOK</setSpec><setSpec>uge_acar_RapidILL_BOOK</setSpec></header><metadata>
<record xmlns="http://www.loc.gov/MARC21/slim" xmlns:xsi="http://www.w3.org/2001/XMLSchema-instance" xsi:schemaLocation="http://www.loc.gov/MARC21/slim http://www.loc.gov/standards/marcxml/schema/MARC21slim.xsd"><leader>02461nam a2200613 c 4500</leader><controlfield tag="001">991000771329705502</controlfield><controlfield tag="005">20230620080836.0</controlfield><controlfield tag="008">201011s2014    gw ||||| |||| 00| ||eng d</controlfield><datafield ind1=" " ind2=" " tag="010"><subfield code="a">2014027196</subfield></datafield><datafield ind1=" " ind2=" " tag="020"><subfield code="a">9783631648292</subfield><subfield code="q">Print</subfield></datafield><datafield ind1=" " ind2=" " tag="020"><subfield code="a">3631648294</subfield><subfield code="q">Print</subfield></datafield><datafield ind1=" " ind2=" " tag="020"><subfield code="a">9783653037371</subfield><subfield code="q">EBook</subfield></datafield><datafield ind1=" " ind2=" " tag="035"><subfield code="a">(swissbib)231442521-41slsp_network</subfield></datafield><datafield ind1=" " ind2=" " tag="035"><subfield code="a">231442521</subfield><subfield code="9">ExL</subfield></datafield><datafield ind1=" " ind2=" " tag="035"><subfield code="a">(RERO)R008243216-41slsp</subfield></datafield><datafield ind1=" " ind2=" " tag="035"><subfield code="a">(NEBIS)010253065EBI01</subfield></datafield><datafield ind1=" " ind2=" " tag="035"><subfield code="a">(OCoLC)884440033</subfield></datafield><datafield ind1=" " ind2=" " tag="035"><subfield code="a">(EXLNZ-41SLSP_NETWORK)991062668259705501</subfield></datafield><datafield ind1=" " ind2=" " tag="040"><subfield code="a">Sz</subfield><subfield code="d">CH-ZuSLS</subfield></datafield><datafield ind1=" " ind2=" " tag="050"><subfield code="a">P53.15</subfield><subfield code="b">.T43 2014</subfield></datafield><datafield ind1=" " ind2="7" tag="072"><subfield code="a">lg</subfield><subfield code="2">rero</subfield></datafield><datafield ind1=" " ind2="7" tag="072"><subfield code="a">pe</subfield><subfield code="2">rero</subfield></datafield><datafield ind1="0" ind2="4" tag="082"><subfield code="a">418.0071</subfield><subfield code="2">23</subfield></datafield><datafield ind1="0" ind2="0" tag="245"><subfield code="a">Teaching languages off the beaten track</subfield><subfield code="c">Michał B. Paradowski (ed.)</subfield></datafield><datafield ind1=" " ind2="1" tag="264"><subfield code="a">Frankfurt a.M.</subfield><subfield code="a">Bern [etc.]</subfield><subfield code="b">Peter-Lang-Edition</subfield><subfield code="c">[2014]</subfield></datafield><datafield ind1=" " ind2="4" tag="264"><subfield code="c">© 2014</subfield></datafield><datafield ind1=" " ind2=" " tag="300"><subfield code="a">399 S.</subfield><subfield code="c">22 cm</subfield></datafield><datafield ind1=" " ind2=" " tag="336"><subfield code="b">txt</subfield><subfield code="2">rdacontent</subfield></datafield><datafield ind1=" " ind2=" " tag="337"><subfield code="b">n</subfield><subfield code="2">rdamedia</subfield></datafield><datafield ind1=" " ind2=" " tag="338"><subfield code="b">nc</subfield><subfield code="2">rdacarrier</subfield></datafield><datafield ind1="1" ind2=" " tag="490"><subfield code="a">Inquiries in language learning</subfield><subfield code="v">vol. 10</subfield></datafield><datafield ind1=" " ind2=" " tag="504"><subfield code="a">Literaturverz</subfield></datafield><datafield ind1=" " ind2=" " tag="504"><subfield code="a">Includes bibliographical references</subfield></datafield><datafield ind1=" " ind2="7" tag="650"><subfield code="a">Langues vivantes</subfield><subfield code="0">(IDREF)027343553</subfield><subfield code="2">idref</subfield></datafield><datafield ind1=" " ind2="7" tag="650"><subfield code="a">Étude et enseignement</subfield><subfield code="0">(IDREF)027789853</subfield><subfield code="2">idref</subfield></datafield><datafield ind1=" " ind2="7" tag="650"><subfield code="a">Enseignants</subfield><subfield code="0">(IDREF)027304418</subfield><subfield code="2">idref</subfield></datafield><datafield ind1=" " ind2="7" tag="650"><subfield code="a">Fremdsprachenunterricht</subfield><subfield code="0">(DE-588)4018428-6</subfield><subfield code="2">gnd</subfield></datafield><datafield ind1=" " ind2="7" tag="650"><subfield code="a">Fremdsprachenlernen</subfield><subfield code="0">(DE-588)4071461-5</subfield><subfield code="2">gnd</subfield></datafield><datafield ind1=" " ind2="0" tag="650"><subfield code="a">Language and languages</subfield><subfield code="x">Study and teaching</subfield><subfield code="x">Evaluation</subfield></datafield><datafield ind1=" " ind2="0" tag="650"><subfield code="a">Language and languages</subfield><subfield code="x">Study and teaching</subfield><subfield code="x">Evaluation</subfield><subfield code="v">Case studies</subfield></datafield><datafield ind1=" " ind2="0" tag="650"><subfield code="a">Teaching</subfield><subfield code="x">Aids and devices</subfield></datafield><datafield ind1=" " ind2="0" tag="650"><subfield code="a">Teaching</subfield><subfield code="x">Aids and devices</subfield><subfield code="x">Evaluation</subfield><subfield code="v">Case studies</subfield></datafield><datafield ind1=" " ind2="0" tag="650"><subfield code="a">Multilingualism</subfield><subfield code="v">Cross-cultural studies</subfield></datafield><datafield ind1=" " ind2="0" tag="650"><subfield code="a">Education, Bilingual</subfield><subfield code="v">Cross-cultural studies</subfield></datafield><datafield ind1=" " ind2="0" tag="650"><subfield code="a">Multicultural education</subfield><subfield code="v">Cross-cultural studies</subfield></datafield><datafield ind1=" " ind2="7" tag="655"><subfield code="a">[Études diverses]</subfield><subfield code="0">(RERO)A022249905</subfield><subfield code="2">rero</subfield></datafield><datafield ind1=" " ind2="7" tag="655"><subfield code="a">Aufsatzsammlung</subfield><subfield code="2">gnd-content</subfield></datafield><datafield ind1="1" ind2=" " tag="700"><subfield code="a">Paradowski, Michał B.</subfield><subfield code="d">1979-....</subfield><subfield code="0">(IDREF)251565653</subfield></datafield><datafield ind1="4" ind2=" " tag="856"><subfield code="3">Titelblatt und Inhaltsverzeichnis</subfield><subfield code="u">https://toc.library.ethz.ch/objects/pdf03/z01_978-3-631-64829-2_01.pdf</subfield><subfield code="q">pdf</subfield></datafield><datafield ind1=" " ind2="0" tag="830"><subfield code="a">Inquiries in language learning</subfield><subfield code="v">10</subfield><subfield code="w">(RERO)R005688483-41slsp</subfield></datafield><datafield ind1=" " ind2=" " tag="900"><subfield code="a">REROnoselfmerge</subfield></datafield><datafield ind1=" " ind2=" " tag="900"><subfield code="a">IDSZ2zbzmon201410f</subfield><subfield code="c">IDSZ2baeh</subfield><subfield code="d">IDSZ2zbzswk201503b</subfield><subfield code="e">IDSZ2kara</subfield></datafield><datafield ind1=" " ind2=" " tag="910"><subfield code="a">BN</subfield><subfield code="b">20150902</subfield></datafield><datafield ind1=" " ind2=" " tag="911"><subfield code="a">700</subfield><subfield code="a">Paradowski, Michal B</subfield><subfield code="d">1979-</subfield></datafield><datafield ind1=" " ind2=" " tag="949"><subfield code="a">https://toc.library.ethz.ch/objects/pdf03/z01_978-3-631-64829-2_01.pdf</subfield></datafield></record>
</metadata></record>