<record><header><identifier>oai:alma.41SLSP_UGE:991000771119705502</identifier><datestamp>2023-05-10T00:21:35Z</datestamp><setSpec>uge_bcen_RapidILL_BOOK</setSpec><setSpec>uge_aaca_RapidILL_BOOK</setSpec><setSpec>uge_abels_RapidILL_BOOK</setSpec><setSpec>uge_dbu_RapidILL_BOOK</setSpec><setSpec>uge_cmu_RapidILL_BOOK</setSpec><setSpec>uge_mail_RapidILL_BOOK</setSpec><setSpec>uge_abbat_RapidILL_BOOK</setSpec><setSpec>UNIGE_ALL</setSpec><setSpec>uge_acar_RapidILL_BOOK</setSpec><setSpec>uge_aobs_RapidILL_BOOK</setSpec></header><metadata>
<record xmlns="http://www.loc.gov/MARC21/slim" xmlns:xsi="http://www.w3.org/2001/XMLSchema-instance" xsi:schemaLocation="http://www.loc.gov/MARC21/slim http://www.loc.gov/standards/marcxml/schema/MARC21slim.xsd"><leader>01937nam a2200337 c 4500</leader><controlfield tag="001">991000771119705502</controlfield><controlfield tag="005">20230509162909.0</controlfield><controlfield tag="008">040705s2003    le ||||| |||| 00| ||ara d</controlfield><datafield ind1=" " ind2=" " tag="020"><subfield code="a">2745138324</subfield></datafield><datafield ind1=" " ind2=" " tag="035"><subfield code="a">(swissbib)100773346-41slsp_network</subfield></datafield><datafield ind1=" " ind2=" " tag="035"><subfield code="a">100773346</subfield><subfield code="9">ExL</subfield></datafield><datafield ind1=" " ind2=" " tag="035"><subfield code="a">(RERO)R003664785-41slsp</subfield></datafield><datafield ind1=" " ind2=" " tag="035"><subfield code="a">(EXLNZ-41SLSP_NETWORK)991094745099705501</subfield></datafield><datafield ind1=" " ind2=" " tag="040"><subfield code="a">RERO geueti</subfield><subfield code="d">CH-ZuSLS</subfield></datafield><datafield ind1="0" ind2=" " tag="041"><subfield code="a">eng</subfield><subfield code="a">ara</subfield></datafield><datafield ind1=" " ind2="7" tag="072"><subfield code="a">ar</subfield><subfield code="2">rero</subfield></datafield><datafield ind1="0" ind2="0" tag="245"><subfield code="6">880-01</subfield><subfield code="a">&lt;&lt;The&gt;&gt; Dictionary Arabic-English</subfield><subfield code="b">general &amp; scientific dictionary of language and terms = Qāmūs ʿarabī-inklīsī</subfield><subfield code="c">Research and studies center ; collab. A. Farah... [et al.]</subfield></datafield><datafield ind1="0" ind2="0" tag="880"><subfield code="6">245-01/(3/r</subfield><subfield code="a">&lt;&lt;The&gt;&gt; Dictionary Arabic-English</subfield><subfield code="b">general &amp; scientific dictionary of language and terms = قاموس عربي-إنكليسي</subfield><subfield code="c">Research and studies center ; collab. A. Farah... [et al.]</subfield></datafield><datafield ind1="1" ind2=" " tag="246"><subfield code="6">880-02</subfield><subfield code="a">Qāmūs ʿarabī-inklīsī</subfield></datafield><datafield ind1="1" ind2=" " tag="880"><subfield code="6">246-02/(3/r</subfield><subfield code="a">قاموس عربي-إنكليسي</subfield></datafield><datafield ind1=" " ind2="1" tag="264"><subfield code="6">880-03</subfield><subfield code="a">Beyrouth</subfield><subfield code="b">Dar Al-Kotob al-Ilmiyah</subfield><subfield code="c">2003</subfield></datafield><datafield ind1=" " ind2="1" tag="880"><subfield code="6">264-03/(3/r</subfield><subfield code="a">بيروت</subfield><subfield code="b">دار الكتب العلمية</subfield><subfield code="c">2003</subfield></datafield><datafield ind1=" " ind2=" " tag="300"><subfield code="a">958 p.</subfield><subfield code="b">ill.</subfield><subfield code="c">25 cm</subfield></datafield><datafield ind1=" " ind2=" " tag="336"><subfield code="b">txt</subfield><subfield code="2">rdacontent</subfield></datafield><datafield ind1=" " ind2=" " tag="337"><subfield code="b">n</subfield><subfield code="2">rdamedia</subfield></datafield><datafield ind1=" " ind2=" " tag="338"><subfield code="b">nc</subfield><subfield code="2">rdacarrier</subfield></datafield><datafield ind1=" " ind2="7" tag="650"><subfield code="a">Anglais (langue)</subfield><subfield code="0">(IDREF)027219232</subfield><subfield code="2">idref</subfield></datafield><datafield ind1=" " ind2="7" tag="650"><subfield code="a">Arabe (langue)</subfield><subfield code="0">(IDREF)027219623</subfield><subfield code="2">idref</subfield></datafield><datafield ind1=" " ind2="7" tag="655"><subfield code="a">Dictionnaires</subfield><subfield code="0">(IDREF)027232050</subfield><subfield code="2">idref</subfield></datafield><datafield ind1="1" ind2=" " tag="700"><subfield code="6">880-04</subfield><subfield code="a">Faraḥ, Adībah</subfield><subfield code="0">(IDREF)244074879</subfield></datafield><datafield ind1="1" ind2=" " tag="880"><subfield code="6">700-04/(3/r</subfield><subfield code="a">فرح، أديبة</subfield></datafield><datafield ind1="2" ind2=" " tag="710"><subfield code="a">Bureau des études et recherches (Beyrouth)</subfield><subfield code="0">(RERO)A010780984</subfield><subfield code="6">880-04</subfield></datafield></record>
</metadata></record>