<record><header><identifier>oai:alma.41SLSP_UGE:991000770909705502</identifier><datestamp>2023-08-05T00:15:06Z</datestamp><setSpec>uge_bcen_RapidILL_BOOK</setSpec><setSpec>uge_aaca_RapidILL_BOOK</setSpec><setSpec>uge_abels_RapidILL_BOOK</setSpec><setSpec>uge_dbu_RapidILL_BOOK</setSpec><setSpec>uge_cmu_RapidILL_BOOK</setSpec><setSpec>uge_mail_RapidILL_BOOK</setSpec><setSpec>uge_abbat_RapidILL_BOOK</setSpec><setSpec>UNIGE_ALL</setSpec><setSpec>uge_acar_RapidILL_BOOK</setSpec><setSpec>uge_aobs_RapidILL_BOOK</setSpec></header><metadata>
<record xmlns="http://www.loc.gov/MARC21/slim" xmlns:xsi="http://www.w3.org/2001/XMLSchema-instance" xsi:schemaLocation="http://www.loc.gov/MARC21/slim http://www.loc.gov/standards/marcxml/schema/MARC21slim.xsd"><leader>02880nam a2200613uc 4500</leader><controlfield tag="001">991000770909705502</controlfield><controlfield tag="005">20230117181212.0</controlfield><controlfield tag="008">201011s1992    fr     |      10| ||fre|d</controlfield><datafield ind1=" " ind2=" " tag="020"><subfield code="a">2879000718</subfield><subfield code="q">version reliée</subfield></datafield><datafield ind1=" " ind2=" " tag="020"><subfield code="a">287900070X</subfield><subfield code="q">version brochée</subfield></datafield><datafield ind1="7" ind2=" " tag="024"><subfield code="a">http://catalogue.bnf.fr/ark:/12148/cb355009383</subfield><subfield code="2">uri</subfield></datafield><datafield ind1=" " ind2=" " tag="035"><subfield code="a">(swissbib)227993659-41slsp_network</subfield></datafield><datafield ind1=" " ind2=" " tag="035"><subfield code="a">227993659</subfield><subfield code="9">ExL</subfield></datafield><datafield ind1=" " ind2=" " tag="035"><subfield code="a">(NEBIS)001253752EBI01</subfield></datafield><datafield ind1=" " ind2=" " tag="035"><subfield code="a">(IDSLU)000326174ILU01</subfield></datafield><datafield ind1=" " ind2=" " tag="035"><subfield code="a">(RERO)1527522-41slsp</subfield></datafield><datafield ind1=" " ind2=" " tag="035"><subfield code="a">(EXLNZ-41SLSP_NETWORK)991023575189705501</subfield></datafield><datafield ind1=" " ind2=" " tag="040"><subfield code="a">ZBZ</subfield><subfield code="b">ger</subfield><subfield code="e">ETHICS-ISBD</subfield><subfield code="d">CH-ZuSLS</subfield></datafield><datafield ind1="1" ind2=" " tag="041"><subfield code="a">fre</subfield><subfield code="h">eng</subfield></datafield><datafield ind1=" " ind2="7" tag="072"><subfield code="a">ba</subfield><subfield code="2">rero</subfield></datafield><datafield ind1="0" ind2="0" tag="082"><subfield code="a">760/.092</subfield><subfield code="2">20</subfield></datafield><datafield ind1="1" ind2="4" tag="082"><subfield code="a">759.05</subfield><subfield code="2">9a</subfield></datafield><datafield ind1="0" ind2="0" tag="245"><subfield code="a">Richard Parkes Bonington &quot;Du plaisir de peindre&quot;</subfield><subfield code="c">Patrick Noon; [l'introd. de cet ouvrage a été trad. de l'anglais par Isabelle Rameau en étroite collab. avec Isabelle Néto, le catalogue a été trad. par Jeanne Bouniort]</subfield></datafield><datafield ind1="1" ind2=" " tag="246"><subfield code="a">Bonington &quot;Du plaisir de peindre&quot;</subfield></datafield><datafield ind1="1" ind2=" " tag="246"><subfield code="a">Du plaisir de peindre</subfield></datafield><datafield ind1=" " ind2="1" tag="264"><subfield code="a">Paris</subfield><subfield code="b">Musée du Petit-Palais</subfield><subfield code="b">Paris-Musées</subfield><subfield code="c">1992</subfield></datafield><datafield ind1=" " ind2=" " tag="300"><subfield code="a">315 p.</subfield><subfield code="b">ill. en noir et en coul.</subfield><subfield code="c">33 cm</subfield></datafield><datafield ind1=" " ind2=" " tag="336"><subfield code="b">txt</subfield><subfield code="2">rdacontent</subfield></datafield><datafield ind1=" " ind2=" " tag="337"><subfield code="b">n</subfield><subfield code="2">rdamedia</subfield></datafield><datafield ind1=" " ind2=" " tag="338"><subfield code="b">nc</subfield><subfield code="2">rdacarrier</subfield></datafield><datafield ind1=" " ind2=" " tag="500"><subfield code="a">Ce catalogue accompagne l'exposition Richard Parkes Bonington au Yale Center for British Art, New Haven (13 nov. 1991 - 19 jan. 1992) et au Musée du Petit Palais, Paris (5 mars 1992 - 17 mai 1992)</subfield></datafield><datafield ind1=" " ind2=" " tag="500"><subfield code="a">Exposition. Paris. Petit Palais. 1992</subfield></datafield><datafield ind1=" " ind2=" " tag="504"><subfield code="a">Literaturverz.</subfield></datafield><datafield ind1=" " ind2=" " tag="504"><subfield code="a">Bibliogr.: p. 306-308</subfield></datafield><datafield ind1="1" ind2="7" tag="600"><subfield code="a">Bonington, Richard Parkes</subfield><subfield code="2">idszbz</subfield></datafield><datafield ind1="1" ind2="0" tag="600"><subfield code="a">Bonington, Richard Parkes</subfield><subfield code="d">1801-1828</subfield><subfield code="v">Exhibitions</subfield></datafield><datafield ind1="1" ind2="7" tag="600"><subfield code="a">Bonington, Richard Parkes</subfield><subfield code="d">1801-1828</subfield><subfield code="0">(DE-588)119339706</subfield><subfield code="2">gnd</subfield></datafield><datafield ind1="1" ind2="7" tag="600"><subfield code="a">Bonington, Richard Parkes</subfield><subfield code="d">1802-1828</subfield><subfield code="0">(IDREF)028144503</subfield><subfield code="2">idref</subfield></datafield><datafield ind1=" " ind2="7" tag="655"><subfield code="a">Ausstellung</subfield><subfield code="2">idszbz</subfield></datafield><datafield ind1=" " ind2="7" tag="655"><subfield code="a">Ausstellungskatalog</subfield><subfield code="z">Paris</subfield><subfield code="y">1991</subfield><subfield code="b">1992</subfield><subfield code="2">gnd-content</subfield></datafield><datafield ind1=" " ind2="7" tag="655"><subfield code="a">Ausstellungskatalog</subfield><subfield code="z">New Haven (CT)</subfield><subfield code="y">1991</subfield><subfield code="b">1992</subfield><subfield code="2">gnd-content</subfield></datafield><datafield ind1=" " ind2="7" tag="655"><subfield code="a">Ausstellungskatalog</subfield><subfield code="z">New Haven, Conn.</subfield><subfield code="y">1991</subfield><subfield code="2">gnd-content</subfield></datafield><datafield ind1=" " ind2="7" tag="655"><subfield code="a">Ausstellungskatalog</subfield><subfield code="z">Paris</subfield><subfield code="y">1992</subfield><subfield code="2">gnd-content</subfield></datafield><datafield ind1=" " ind2="7" tag="655"><subfield code="a">Catalogues d'exposition</subfield><subfield code="0">(IDREF)027320456</subfield><subfield code="2">idref</subfield></datafield><datafield ind1=" " ind2=" " tag="690"><subfield code="a">Bonington, Richard Parkes</subfield><subfield code="2">uzb-US</subfield></datafield><datafield ind1=" " ind2=" " tag="690"><subfield code="a">Ausstellung. USA. New Haven. Yale Center for British Art</subfield><subfield code="2">uzb-US</subfield></datafield><datafield ind1=" " ind2=" " tag="690"><subfield code="a">Ausstellung. Frankreich. Paris. Petit Palais</subfield><subfield code="2">uzb-US</subfield></datafield><datafield ind1="1" ind2=" " tag="700"><subfield code="a">Bonington, Richard Parkes</subfield><subfield code="d">1801-1828</subfield><subfield code="0">(DE-588)119339706</subfield></datafield><datafield ind1="1" ind2=" " tag="700"><subfield code="a">Noon, Patrick J.</subfield><subfield code="d">1951-</subfield><subfield code="0">(DE-588)137785917</subfield><subfield code="6">880-02</subfield></datafield><datafield ind1="1" ind2=" " tag="880"><subfield code="a">Noon, Patrick</subfield><subfield code="0">(RERO)A003644327</subfield><subfield code="6">700-02</subfield></datafield><datafield ind1="2" ind2=" " tag="710"><subfield code="a">Yale Center for British Art</subfield><subfield code="0">(DE-588)1056978-9</subfield></datafield><datafield ind1="2" ind2=" " tag="710"><subfield code="a">Musée du Petit Palais</subfield><subfield code="g">Paris</subfield><subfield code="0">(DE-588)1048199-0</subfield></datafield><datafield ind1="2" ind2=" " tag="711"><subfield code="a">Richard Parkes Bonington &quot;Du plaisir de peindre&quot; (1991-1992 ; New Haven, CT + 1992 ; Paris)</subfield><subfield code="0">(DE-588)1092009035</subfield></datafield><datafield ind1="0" ind2=" " tag="730"><subfield code="a">Bonington</subfield></datafield><datafield ind1=" " ind2=" " tag="900"><subfield code="a">REROnoselfmerge</subfield></datafield><datafield ind1=" " ind2=" " tag="993"><subfield code="a">BFLB 11072</subfield><subfield code="x">ge/ulha/a/92/181</subfield><subfield code="9">LOCAL</subfield></datafield></record>
</metadata></record>