<record><header><identifier>oai:alma.41SLSP_UGE:991000771309705502</identifier><datestamp>2023-03-01T01:10:10Z</datestamp><setSpec>uge_bcen_RapidILL_BOOK</setSpec><setSpec>uge_aaca_RapidILL_BOOK</setSpec><setSpec>uge_abels_RapidILL_BOOK</setSpec><setSpec>uge_dbu_RapidILL_BOOK</setSpec><setSpec>uge_cmu_RapidILL_BOOK</setSpec><setSpec>uge_mail_RapidILL_BOOK</setSpec><setSpec>UNIGE_ALL</setSpec><setSpec>uge_abbat_RapidILL_BOOK</setSpec><setSpec>uge_aobs_RapidILL_BOOK</setSpec><setSpec>uge_acar_RapidILL_BOOK</setSpec></header><metadata>
<record xmlns="http://www.loc.gov/MARC21/slim" xmlns:xsi="http://www.w3.org/2001/XMLSchema-instance" xsi:schemaLocation="http://www.loc.gov/MARC21/slim http://www.loc.gov/standards/marcxml/schema/MARC21slim.xsd"><leader>01224nam a2200361 c 4500</leader><controlfield tag="001">991000771309705502</controlfield><controlfield tag="005">20211117194715.0</controlfield><controlfield tag="008">201012s1974    it ||||| |||| 00| ||ita d</controlfield><datafield ind1=" " ind2=" " tag="035"><subfield code="a">(swissbib)238440230-41slsp_network</subfield></datafield><datafield ind1=" " ind2=" " tag="035"><subfield code="a">238440230</subfield><subfield code="9">ExL</subfield></datafield><datafield ind1=" " ind2=" " tag="035"><subfield code="a">(RERO)0218260-41slsp</subfield></datafield><datafield ind1=" " ind2=" " tag="035"><subfield code="a">(IDSBB)000419807DSV01</subfield></datafield><datafield ind1=" " ind2=" " tag="035"><subfield code="a">(EXLNZ-41SLSP_NETWORK)991060135059705501</subfield></datafield><datafield ind1=" " ind2=" " tag="040"><subfield code="a">RERO</subfield><subfield code="d">CH-ZuSLS</subfield></datafield><datafield ind1="1" ind2=" " tag="041"><subfield code="a">ita</subfield><subfield code="h">grc</subfield></datafield><datafield ind1=" " ind2="7" tag="072"><subfield code="a">gr</subfield><subfield code="2">rero</subfield></datafield><datafield ind1=" " ind2="7" tag="072"><subfield code="a">kp</subfield><subfield code="2">SzZuIDS BS/BE</subfield></datafield><datafield ind1="0" ind2=" " tag="100"><subfield code="6">880-01</subfield><subfield code="a">Ménandre</subfield><subfield code="d">0342-0292 av. J.-C.</subfield><subfield code="0">(IDREF)028839099</subfield><subfield code="4">cre</subfield></datafield><datafield ind1="0" ind2=" " tag="880"><subfield code="a">Menander</subfield><subfield code="d">v342-v291</subfield><subfield code="0">(DE-588)118747525</subfield><subfield code="6">100-01</subfield></datafield><datafield ind1="1" ind2="0" tag="240"><subfield code="a">Samia</subfield></datafield><datafield ind1="1" ind2="0" tag="245"><subfield code="a">Samia</subfield><subfield code="c">Menandro ; ed. critica e interpretazione di Francesco Sisti</subfield></datafield><datafield ind1=" " ind2="1" tag="264"><subfield code="a">[Roma]</subfield><subfield code="b">Ed. dell'Ateneo</subfield><subfield code="c">1974</subfield></datafield><datafield ind1=" " ind2=" " tag="300"><subfield code="a">147 p.</subfield><subfield code="c">23 cm</subfield></datafield><datafield ind1=" " ind2=" " tag="336"><subfield code="b">txt</subfield><subfield code="2">rdacontent</subfield></datafield><datafield ind1=" " ind2=" " tag="337"><subfield code="b">n</subfield><subfield code="2">rdamedia</subfield></datafield><datafield ind1=" " ind2=" " tag="338"><subfield code="b">nc</subfield><subfield code="2">rdacarrier</subfield></datafield><datafield ind1="1" ind2=" " tag="490"><subfield code="a">Bibliotheca Athena</subfield><subfield code="v">15</subfield></datafield><datafield ind1=" " ind2=" " tag="500"><subfield code="a">Texte original grec suivi de la trad. italienne</subfield></datafield><datafield ind1=" " ind2=" " tag="500"><subfield code="a">Originaltitel: Samia</subfield></datafield><datafield ind1="0" ind2="7" tag="600"><subfield code="a">Menander</subfield><subfield code="d">v342-v291</subfield><subfield code="t">Samia</subfield><subfield code="0">(DE-588)4298484-1</subfield><subfield code="2">gnd</subfield></datafield><datafield ind1="1" ind2=" " tag="700"><subfield code="a">Sisti, Francesco</subfield><subfield code="0">(IDREF)02915684X</subfield></datafield><datafield ind1=" " ind2=" " tag="830"><subfield code="a">Bibliotheca Athena</subfield><subfield code="v">15</subfield><subfield code="w">(RERO)0042963-41slsp</subfield></datafield><datafield ind1=" " ind2=" " tag="830"><subfield code="a">Bibliotheca Athena</subfield><subfield code="v">15</subfield><subfield code="w">(IDSBB)000041665DSV01</subfield></datafield><datafield ind1=" " ind2=" " tag="900"><subfield code="a">REROnoselfmerge</subfield></datafield></record>
</metadata></record>