<record><header><identifier>oai:alma.41SLSP_UGE:991000771619705502</identifier><datestamp>2023-04-16T00:11:47Z</datestamp><setSpec>uge_bcen_RapidILL_BOOK</setSpec><setSpec>uge_aaca_RapidILL_BOOK</setSpec><setSpec>uge_abels_RapidILL_BOOK</setSpec><setSpec>uge_dbu_RapidILL_BOOK</setSpec><setSpec>uge_cmu_RapidILL_BOOK</setSpec><setSpec>uge_mail_RapidILL_BOOK</setSpec><setSpec>uge_abbat_RapidILL_BOOK</setSpec><setSpec>UNIGE_ALL</setSpec><setSpec>uge_acar_RapidILL_BOOK</setSpec><setSpec>uge_aobs_RapidILL_BOOK</setSpec></header><metadata>
<record xmlns="http://www.loc.gov/MARC21/slim" xmlns:xsi="http://www.w3.org/2001/XMLSchema-instance" xsi:schemaLocation="http://www.loc.gov/MARC21/slim http://www.loc.gov/standards/marcxml/schema/MARC21slim.xsd"><leader>01921nam a2200457 c 4500</leader><controlfield tag="001">991000771619705502</controlfield><controlfield tag="005">20230415213241.0</controlfield><controlfield tag="008">201011s2018    xxk      |||| 001 ||eng| </controlfield><datafield ind1=" " ind2=" " tag="020"><subfield code="a">9780727918826</subfield></datafield><datafield ind1=" " ind2=" " tag="035"><subfield code="a">(swissbib)211705012-41slsp_network</subfield></datafield><datafield ind1=" " ind2=" " tag="035"><subfield code="a">211705012</subfield><subfield code="9">ExL</subfield></datafield><datafield ind1=" " ind2=" " tag="035"><subfield code="a">(NEBIS)011459652EBI01</subfield></datafield><datafield ind1=" " ind2=" " tag="035"><subfield code="a">(RERO)R009054235-41slsp</subfield></datafield><datafield ind1=" " ind2=" " tag="035"><subfield code="a">(OCoLC)1099712024</subfield></datafield><datafield ind1=" " ind2=" " tag="035"><subfield code="a">(EXLNZ-41SLSP_NETWORK)991134072319705501</subfield></datafield><datafield ind1=" " ind2=" " tag="040"><subfield code="a">SzZuIDS NEBIS ETH-BIB</subfield><subfield code="b">ger</subfield><subfield code="e">rda</subfield><subfield code="d">CH-ZuSLS</subfield></datafield><datafield ind1=" " ind2="7" tag="072"><subfield code="a">me</subfield><subfield code="2">rero</subfield></datafield><datafield ind1="0" ind2="4" tag="082"><subfield code="a">616.723</subfield><subfield code="2">23</subfield></datafield><datafield ind1="0" ind2="0" tag="245"><subfield code="a">EULAR textbook on rheumatic diseases</subfield><subfield code="c">editors: Johannes WJ Bijlsma, Eric Hachulla ; co-editors: José Antonio P. da Silva [und 4 weitere]</subfield></datafield><datafield ind1="1" ind2="3" tag="246"><subfield code="a">Textbook on rheumatic diseases</subfield></datafield><datafield ind1=" " ind2=" " tag="250"><subfield code="a">Third edition</subfield></datafield><datafield ind1=" " ind2="1" tag="264"><subfield code="a">London</subfield><subfield code="b">BMJ Publishing Group</subfield><subfield code="c">[2018]</subfield></datafield><datafield ind1=" " ind2=" " tag="300"><subfield code="a">1549 Seiten</subfield><subfield code="b">Illustrationen</subfield></datafield><datafield ind1=" " ind2=" " tag="336"><subfield code="b">txt</subfield><subfield code="2">rdacontent</subfield></datafield><datafield ind1=" " ind2=" " tag="337"><subfield code="b">n</subfield><subfield code="2">rdamedia</subfield></datafield><datafield ind1=" " ind2=" " tag="338"><subfield code="b">nc</subfield><subfield code="2">rdacarrier</subfield></datafield><datafield ind1=" " ind2=" " tag="504"><subfield code="a">Includes index</subfield></datafield><datafield ind1=" " ind2="7" tag="650"><subfield code="a">GELENKRHEUMATISMUS + RHEUMATOIDE ARTHRITIS + CHRONISCHE POLYARTHRITIS (PATHOLOGIE)</subfield><subfield code="9">ger</subfield><subfield code="0">(ETHUDK)000027331</subfield><subfield code="2">ethudk</subfield></datafield><datafield ind1=" " ind2="7" tag="650"><subfield code="a">LEHRBÜCHER (DOKUMENTENTYP)</subfield><subfield code="9">ger</subfield><subfield code="0">(ETHUDK)000000099</subfield><subfield code="2">ethudk</subfield></datafield><datafield ind1=" " ind2="7" tag="650"><subfield code="a">RHEUMATISMUS + RHEUMATOLOGIE (PATHOLOGIE)</subfield><subfield code="9">ger</subfield><subfield code="0">(ETHUDK)000026951</subfield><subfield code="2">ethudk</subfield></datafield><datafield ind1=" " ind2="0" tag="650"><subfield code="a">Rheumatism</subfield><subfield code="v">Textbooks</subfield></datafield><datafield ind1=" " ind2="2" tag="650"><subfield code="a">Rheumatic Diseases</subfield></datafield><datafield ind1=" " ind2="2" tag="650"><subfield code="a">Arthritis</subfield></datafield><datafield ind1=" " ind2="2" tag="650"><subfield code="a">Connective Tissue Diseases</subfield></datafield><datafield ind1=" " ind2="2" tag="650"><subfield code="a">Bone Diseases</subfield></datafield><datafield ind1=" " ind2="2" tag="655"><subfield code="a">Textbook</subfield></datafield><datafield ind1="1" ind2=" " tag="700"><subfield code="a">Bijlsma, Johannes W. J.</subfield><subfield code="0">(DE-588)141540842</subfield><subfield code="4">edt</subfield></datafield><datafield ind1="1" ind2=" " tag="700"><subfield code="a">Hachulla, Éric</subfield><subfield code="0">(IDREF)031788866</subfield><subfield code="4">edt</subfield></datafield><datafield ind1="1" ind2=" " tag="700"><subfield code="a">Silva, José António Pereira &lt;&lt;da&gt;&gt;</subfield><subfield code="0">(DE-588)140412247</subfield><subfield code="4">edt</subfield></datafield><datafield ind1="2" ind2=" " tag="710"><subfield code="a">European League against Rheumatism</subfield><subfield code="0">(DE-588)2009685-9</subfield><subfield code="4">isb</subfield><subfield code="4">spn</subfield></datafield><datafield ind1="4" ind2=" " tag="856"><subfield code="3">Titelblatt und Inhaltsverzeichnis</subfield><subfield code="u">https://toc.library.ethz.ch/objects/pdf03/e01_978-0-7279-1882-6_01.pdf</subfield><subfield code="q">pdf</subfield></datafield><datafield ind1=" " ind2=" " tag="949"><subfield code="a">https://toc.library.ethz.ch/objects/pdf03/e01_978-0-7279-1882-6_01.pdf</subfield></datafield></record>
</metadata></record>