<record><header><identifier>oai:alma.41SLSP_UGE:991000770679705502</identifier><datestamp>2023-11-25T02:21:01Z</datestamp><setSpec>uge_bcen_RapidILL_BOOK</setSpec><setSpec>uge_aaca_RapidILL_BOOK</setSpec><setSpec>uge_abels_RapidILL_BOOK</setSpec><setSpec>uge_dbu_RapidILL_BOOK</setSpec><setSpec>uge_cmu_RapidILL_BOOK</setSpec><setSpec>uge_mail_RapidILL_BOOK</setSpec><setSpec>uge_abbat_RapidILL_BOOK</setSpec><setSpec>UNIGE_ALL</setSpec><setSpec>uge_acar_RapidILL_BOOK</setSpec><setSpec>uge_aobs_RapidILL_BOOK</setSpec></header><metadata>
<record xmlns="http://www.loc.gov/MARC21/slim" xmlns:xsi="http://www.w3.org/2001/XMLSchema-instance" xsi:schemaLocation="http://www.loc.gov/MARC21/slim http://www.loc.gov/standards/marcxml/schema/MARC21slim.xsd"><leader>01437naa a2200277 c 4500</leader><controlfield tag="001">991000770679705502</controlfield><controlfield tag="005">20230629183743.0</controlfield><controlfield tag="008">000828s1998    sz ||||| |||| 00| ||ger d</controlfield><datafield ind1=" " ind2=" " tag="035"><subfield code="a">(swissbib)094019142-41slsp_network</subfield></datafield><datafield ind1=" " ind2=" " tag="035"><subfield code="a">094019142</subfield><subfield code="9">ExL</subfield></datafield><datafield ind1=" " ind2=" " tag="035"><subfield code="a">(RERO)R242154460-41slsp</subfield></datafield><datafield ind1=" " ind2=" " tag="035"><subfield code="a">(ALEX)bv80021828</subfield></datafield><datafield ind1=" " ind2=" " tag="035"><subfield code="a">(EXLNZ-41SLSP_NETWORK)991012525629705501</subfield></datafield><datafield ind1=" " ind2=" " tag="040"><subfield code="a">RERO frbcuc</subfield><subfield code="d">CH-ZuSLS</subfield></datafield><datafield ind1=" " ind2=" " tag="044"><subfield code="a">sz</subfield><subfield code="c">ch-zh</subfield></datafield><datafield ind1=" " ind2="7" tag="072"><subfield code="a">dr</subfield><subfield code="2">rero</subfield></datafield><datafield ind1=" " ind2=" " tag="084"><subfield code="a">CA/CH 82 i</subfield><subfield code="2">cjurrom</subfield></datafield><datafield ind1="1" ind2=" " tag="100"><subfield code="a">Keck, Walter</subfield><subfield code="0">(RERO)A003446477</subfield><subfield code="4">cre</subfield></datafield><datafield ind1="1" ind2="0" tag="245"><subfield code="a">Vorschläge zur Reform der Basler Eigenkapitalvereinbarung</subfield><subfield code="b">Mängel bei den geltenden Kreditrisikovorschriften der Bankengesetzgebung</subfield><subfield code="c">Walter Keck, Dean Jovic</subfield></datafield><datafield ind1=" " ind2=" " tag="336"><subfield code="b">txt</subfield><subfield code="2">rdacontent</subfield></datafield><datafield ind1=" " ind2=" " tag="337"><subfield code="b">n</subfield><subfield code="2">rdamedia</subfield></datafield><datafield ind1=" " ind2=" " tag="338"><subfield code="b">nc</subfield><subfield code="2">rdacarrier</subfield></datafield><datafield ind1=" " ind2=" " tag="500"><subfield code="a">Résumé en français</subfield></datafield><datafield ind1=" " ind2=" " tag="580"><subfield code="a">In: Der Schweizer Treuhänder. - Zürich. - Jg. 72(1998), 12, S. 1395-1404</subfield></datafield><datafield ind1=" " ind2="7" tag="650"><subfield code="a">Bankenrecht</subfield><subfield code="9">ger</subfield><subfield code="0">(RERO)jurivoc000002693ger</subfield><subfield code="2">jurivoc</subfield></datafield><datafield ind1=" " ind2="7" tag="650"><subfield code="a">Kredit</subfield><subfield code="9">ger</subfield><subfield code="0">(RERO)jurivoc000013584ger</subfield><subfield code="2">jurivoc</subfield></datafield><datafield ind1="1" ind2=" " tag="700"><subfield code="a">Jovic, Dean</subfield><subfield code="0">(RERO)A003433444</subfield></datafield><datafield ind1="0" ind2=" " tag="773"><subfield code="t">Schweizer Treuhänder : Monatszeitschrift für Revision, Rechnungswesen und Beratung : offizielles Organ der Schweizerischen Treuhand- und Revisionskammer = L'expert-comptable suisse : revue mensuelle pour la revision, la comptabilité et le conseil d'entreprise : organe officiel de la Chambre suisse des Sociétés fiduciaires et des experts-comptables</subfield><subfield code="g">1998/1395</subfield><subfield code="g">yr:1998</subfield><subfield code="w">(RERO)0223261-41slsp</subfield></datafield></record>
</metadata></record>