<record><header><identifier>oai:alma.41SLSP_UGE:991000771409705502</identifier><datestamp>2023-11-27T01:23:49Z</datestamp><setSpec>uge_bcen_RapidILL_BOOK</setSpec><setSpec>uge_aaca_RapidILL_BOOK</setSpec><setSpec>uge_abels_RapidILL_BOOK</setSpec><setSpec>uge_dbu_RapidILL_BOOK</setSpec><setSpec>uge_cmu_RapidILL_BOOK</setSpec><setSpec>uge_mail_RapidILL_BOOK</setSpec><setSpec>uge_abbat_RapidILL_BOOK</setSpec><setSpec>UNIGE_ALL</setSpec><setSpec>uge_aobs_RapidILL_BOOK</setSpec><setSpec>uge_acar_RapidILL_BOOK</setSpec></header><metadata>
<record xmlns="http://www.loc.gov/MARC21/slim" xmlns:xsi="http://www.w3.org/2001/XMLSchema-instance" xsi:schemaLocation="http://www.loc.gov/MARC21/slim http://www.loc.gov/standards/marcxml/schema/MARC21slim.xsd"><leader>02083nam a2200505 c 4500</leader><controlfield tag="001">991000771409705502</controlfield><controlfield tag="005">20230630210549.0</controlfield><controlfield tag="008">201012s1964    sz ||||| mm|| 00| ||ger d</controlfield><datafield ind1=" " ind2=" " tag="035"><subfield code="a">(swissbib)233527729-41slsp_network</subfield></datafield><datafield ind1=" " ind2=" " tag="035"><subfield code="a">233527729</subfield><subfield code="9">ExL</subfield></datafield><datafield ind1=" " ind2=" " tag="035"><subfield code="a">(NEBIS)005144341EBI01</subfield></datafield><datafield ind1=" " ind2=" " tag="035"><subfield code="a">(RERO)0295256-41slsp</subfield></datafield><datafield ind1=" " ind2=" " tag="035"><subfield code="a">(IDSBB)003108994DSV01</subfield></datafield><datafield ind1=" " ind2=" " tag="035"><subfield code="a">(ALEX)bv9925913327701791</subfield></datafield><datafield ind1=" " ind2=" " tag="035"><subfield code="a">(EXLNZ-41SLSP_NETWORK)991122630269705501</subfield></datafield><datafield ind1=" " ind2=" " tag="040"><subfield code="a">IDS BS/BE B465</subfield><subfield code="d">CH-ZuSLS</subfield></datafield><datafield ind1=" " ind2="7" tag="072"><subfield code="a">dr</subfield><subfield code="2">rero</subfield></datafield><datafield ind1=" " ind2=" " tag="084"><subfield code="a">CA/CH-GL 37.1 h</subfield><subfield code="2">cjurrom</subfield></datafield><datafield ind1="1" ind2=" " tag="100"><subfield code="a">Stauffacher, Werner</subfield><subfield code="c">Dr. en droit</subfield><subfield code="0">(RERO)A012368499</subfield><subfield code="4">cre</subfield></datafield><datafield ind1="1" ind2="0" tag="245"><subfield code="a">&lt;&lt;Die&gt;&gt; Versammlungsdemokratie im Kanton Glarus</subfield><subfield code="b">ein Beitrag zur Kenntnis der glarnerischen Landsgemeinde und Gemeindeversammlungen</subfield><subfield code="c">vorgelegt von Werner Stauffacher</subfield></datafield><datafield ind1=" " ind2="1" tag="264"><subfield code="a">Zürich</subfield><subfield code="c">[1964]</subfield></datafield><datafield ind1=" " ind2=" " tag="300"><subfield code="a">XXXIV, 363 S.</subfield><subfield code="c">23 cm</subfield></datafield><datafield ind1=" " ind2=" " tag="336"><subfield code="b">txt</subfield><subfield code="2">rdacontent</subfield></datafield><datafield ind1=" " ind2=" " tag="337"><subfield code="b">n</subfield><subfield code="2">rdamedia</subfield></datafield><datafield ind1=" " ind2=" " tag="338"><subfield code="b">nc</subfield><subfield code="2">rdacarrier</subfield></datafield><datafield ind1=" " ind2=" " tag="502"><subfield code="a">Diss. Univ. Zürich, 1962. - Ref.: H. Nef</subfield></datafield><datafield ind1=" " ind2="7" tag="648"><subfield code="a">Geschichte</subfield><subfield code="2">gnd</subfield></datafield><datafield ind1=" " ind2="7" tag="650"><subfield code="a">Demokratie</subfield><subfield code="9">ger</subfield><subfield code="0">(RERO)jurivoc000005432ger</subfield><subfield code="2">jurivoc</subfield></datafield><datafield ind1=" " ind2="7" tag="650"><subfield code="a">Landsgemeinde</subfield><subfield code="9">ger</subfield><subfield code="0">(RERO)jurivoc000013910ger</subfield><subfield code="2">jurivoc</subfield></datafield><datafield ind1=" " ind2="7" tag="650"><subfield code="a">Gemeindeversammlung</subfield><subfield code="9">ger</subfield><subfield code="0">(RERO)jurivoc000009406ger</subfield><subfield code="2">jurivoc</subfield></datafield><datafield ind1=" " ind2="7" tag="650"><subfield code="a">kantonales Recht</subfield><subfield code="9">ger</subfield><subfield code="0">(RERO)jurivoc000012405ger</subfield><subfield code="2">jurivoc</subfield></datafield><datafield ind1=" " ind2="7" tag="650"><subfield code="a">Démocratie directe</subfield><subfield code="0">(IDREF)035425652</subfield><subfield code="2">idref</subfield></datafield><datafield ind1=" " ind2="7" tag="650"><subfield code="a">Landsgemeinde</subfield><subfield code="0">(RERO)A009962433</subfield><subfield code="2">rerovoc</subfield></datafield><datafield ind1=" " ind2="7" tag="650"><subfield code="a">Droit</subfield><subfield code="0">(IDREF)027466868</subfield><subfield code="2">idref</subfield></datafield><datafield ind1=" " ind2="4" tag="650"><subfield code="a">Gemeindeversammlung</subfield></datafield><datafield ind1=" " ind2="4" tag="650"><subfield code="a">Landsgemeinde</subfield></datafield><datafield ind1=" " ind2="7" tag="650"><subfield code="a">Landsgemeinde</subfield><subfield code="2">gnd</subfield><subfield code="0">(DE-588)4132355-5</subfield></datafield><datafield ind1=" " ind2="7" tag="650"><subfield code="a">Gemeinde</subfield><subfield code="2">gnd</subfield><subfield code="0">(DE-588)4019956-3</subfield></datafield><datafield ind1=" " ind2="7" tag="650"><subfield code="a">Demokratie</subfield><subfield code="2">gnd</subfield><subfield code="0">(DE-588)4011413-2</subfield></datafield><datafield ind1=" " ind2="7" tag="650"><subfield code="a">Kanton</subfield><subfield code="2">gnd</subfield><subfield code="0">(DE-588)4139533-5</subfield></datafield><datafield ind1=" " ind2="7" tag="651"><subfield code="a">Schweiz</subfield><subfield code="9">ger</subfield><subfield code="0">(RERO)jurivoc000019912ger</subfield><subfield code="2">jurivoc</subfield></datafield><datafield ind1=" " ind2="7" tag="651"><subfield code="a">Glarus(Kanton)</subfield><subfield code="9">ger</subfield><subfield code="0">(RERO)jurivoc000010151ger</subfield><subfield code="2">jurivoc</subfield></datafield><datafield ind1=" " ind2="7" tag="651"><subfield code="a">Glaris (Suisse ; canton)</subfield><subfield code="0">(IDREF)028992105</subfield><subfield code="2">idref</subfield></datafield><datafield ind1=" " ind2="4" tag="651"><subfield code="a">Kanton Glarus</subfield></datafield><datafield ind1=" " ind2="7" tag="651"><subfield code="a">Kanton Glarus</subfield><subfield code="2">gnd</subfield><subfield code="0">(DE-588)4021141-1</subfield></datafield><datafield ind1=" " ind2="7" tag="651"><subfield code="a">Schweiz</subfield><subfield code="2">gnd</subfield><subfield code="0">(DE-588)4053881-3</subfield></datafield><datafield ind1=" " ind2="7" tag="655"><subfield code="a">Hochschulschrift</subfield><subfield code="2">gnd-content</subfield></datafield><datafield ind1="1" ind2=" " tag="700"><subfield code="a">Nef, Hans</subfield><subfield code="d">1911-2000</subfield><subfield code="0">(DE-588)118586831</subfield><subfield code="4">dgs</subfield></datafield><datafield ind1=" " ind2=" " tag="900"><subfield code="a">IDSE2UNI-ZH</subfield></datafield><datafield ind1=" " ind2=" " tag="900"><subfield code="a">IDSZ1ZH</subfield></datafield><datafield ind1=" " ind2=" " tag="900"><subfield code="a">IDSZ2rwidis200603i</subfield><subfield code="c">IDSZ2paru 060324</subfield></datafield><datafield ind1=" " ind2=" " tag="900"><subfield code="a">IDSZ2zbzdis201108rl</subfield><subfield code="c">IDSZ2alli</subfield></datafield><datafield ind1=" " ind2=" " tag="900"><subfield code="a">IDSUxDissertation</subfield><subfield code="b">IDSUxRechts- und staatswissenschaftliche Fakultät der Universität Zürich</subfield></datafield><datafield ind1=" " ind2=" " tag="900"><subfield code="f">IDSU2medea</subfield></datafield></record>
</metadata></record>