<record><header><identifier>oai:alma.41SLSP_UGE:991000770899705502</identifier><datestamp>2023-11-27T01:24:09Z</datestamp><setSpec>uge_bcen_RapidILL_BOOK</setSpec><setSpec>uge_aaca_RapidILL_BOOK</setSpec><setSpec>uge_abels_RapidILL_BOOK</setSpec><setSpec>uge_dbu_RapidILL_BOOK</setSpec><setSpec>uge_cmu_RapidILL_BOOK</setSpec><setSpec>uge_mail_RapidILL_BOOK</setSpec><setSpec>uge_abbat_RapidILL_BOOK</setSpec><setSpec>UNIGE_ALL</setSpec><setSpec>uge_aobs_RapidILL_BOOK</setSpec><setSpec>uge_acar_RapidILL_BOOK</setSpec></header><metadata>
<record xmlns="http://www.loc.gov/MARC21/slim" xmlns:xsi="http://www.w3.org/2001/XMLSchema-instance" xsi:schemaLocation="http://www.loc.gov/MARC21/slim http://www.loc.gov/standards/marcxml/schema/MARC21slim.xsd"><leader>02208nam a2200481 c 4500</leader><controlfield tag="001">991000770899705502</controlfield><controlfield tag="005">20230206212903.0</controlfield><controlfield tag="008">201011s1992    fr ||||| |||| 00| ||fre d</controlfield><datafield ind1=" " ind2=" " tag="019"><subfield code="a">Impressum laut Vorlage auch: Perrin, 1982; laut KVK beide Impr. vorhanden.</subfield></datafield><datafield ind1=" " ind2=" " tag="020"><subfield code="a">2020140284</subfield></datafield><datafield ind1=" " ind2=" " tag="035"><subfield code="a">(swissbib)215587499-41slsp_network</subfield></datafield><datafield ind1=" " ind2=" " tag="035"><subfield code="a">215587499</subfield><subfield code="9">ExL</subfield></datafield><datafield ind1=" " ind2=" " tag="035"><subfield code="a">(RERO)1584499-41slsp</subfield></datafield><datafield ind1=" " ind2=" " tag="035"><subfield code="a">(NEBIS)004487136EBI01</subfield></datafield><datafield ind1=" " ind2=" " tag="035"><subfield code="a">(SBT)000042161SBT01</subfield></datafield><datafield ind1=" " ind2=" " tag="035"><subfield code="a">(EXLNZ-41SLSP_NETWORK)991059307029705501</subfield></datafield><datafield ind1=" " ind2=" " tag="040"><subfield code="a">RERO vsbcvs</subfield><subfield code="d">CH-ZuSLS</subfield></datafield><datafield ind1="1" ind2=" " tag="041"><subfield code="a">fre</subfield><subfield code="h">eng</subfield></datafield><datafield ind1=" " ind2="7" tag="072"><subfield code="a">lc</subfield><subfield code="2">rero</subfield></datafield><datafield ind1="1" ind2=" " tag="100"><subfield code="6">880-01</subfield><subfield code="a">Darnton, Robert</subfield><subfield code="d">1939-....</subfield><subfield code="0">(IDREF)035679220</subfield><subfield code="4">cre</subfield></datafield><datafield ind1="1" ind2=" " tag="880"><subfield code="a">Darnton, Robert</subfield><subfield code="d">1939-</subfield><subfield code="0">(DE-588)118136135</subfield><subfield code="6">100-01</subfield></datafield><datafield ind1="1" ind2="0" tag="245"><subfield code="a">&lt;&lt;L'&gt;&gt;aventure de l'&quot;Encyclopédie&quot;, 1775-1800</subfield><subfield code="b">un best-seller au siècle des Lumières</subfield><subfield code="c">Robert Darnton ; préf. d'Emmanuel Le Roy Ladurie ; trad. de l'américain par Marie-Alyx Revellat</subfield></datafield><datafield ind1=" " ind2="1" tag="264"><subfield code="a">Paris</subfield><subfield code="b">Seuil</subfield><subfield code="c">1992</subfield></datafield><datafield ind1=" " ind2=" " tag="300"><subfield code="a">631 p.</subfield><subfield code="b">ill.</subfield><subfield code="c">19 cm</subfield></datafield><datafield ind1=" " ind2=" " tag="336"><subfield code="b">txt</subfield><subfield code="2">rdacontent</subfield></datafield><datafield ind1=" " ind2=" " tag="337"><subfield code="b">n</subfield><subfield code="2">rdamedia</subfield></datafield><datafield ind1=" " ind2=" " tag="338"><subfield code="b">nc</subfield><subfield code="2">rdacarrier</subfield></datafield><datafield ind1="1" ind2=" " tag="490"><subfield code="a">Points. Histoire</subfield><subfield code="v">H159</subfield></datafield><datafield ind1=" " ind2=" " tag="500"><subfield code="a">La page de titre porte le nom de l'éd. original : Libr. académique Perrin</subfield></datafield><datafield ind1=" " ind2=" " tag="500"><subfield code="a">Titolo originale: The business of Enlightenment : a publishing history of the &quot;Encyclopédie&quot;, 1775-1800</subfield></datafield><datafield ind1=" " ind2=" " tag="500"><subfield code="a">Il frontespizio porta il nome delll'ed. originale : Libr. académique Perrin</subfield></datafield><datafield ind1=" " ind2=" " tag="504"><subfield code="a">Bibliogr.: p. 615-621</subfield></datafield><datafield ind1="1" ind2="7" tag="600"><subfield code="a">Bertrand, Jean-Elie</subfield><subfield code="0">(RERO)A010051665</subfield><subfield code="2">rero</subfield></datafield><datafield ind1="2" ind2="7" tag="610"><subfield code="a">Société typographique</subfield><subfield code="g">Neuchâtel, Neuchâtel, Suisse</subfield><subfield code="g">1769-1798</subfield><subfield code="0">(IDREF)027750116</subfield><subfield code="2">idref</subfield></datafield><datafield ind1="0" ind2="7" tag="630"><subfield code="a">Descriptions des arts et métiers</subfield><subfield code="0">(RERO)A011594917</subfield><subfield code="2">rero</subfield></datafield><datafield ind1="0" ind2="7" tag="630"><subfield code="a">Encyclopédie Diderot-d'Alembert</subfield><subfield code="0">(RERO)A009987068</subfield><subfield code="2">rero</subfield></datafield><datafield ind1="0" ind2="7" tag="630"><subfield code="a">Encyclopédie, ou Dictionnaire raisonné des sciences, des arts et des métiers</subfield><subfield code="2">sbt12</subfield></datafield><datafield ind1=" " ind2="7" tag="650"><subfield code="a">18e siècle (fin)</subfield><subfield code="0">(RERO)A022441772</subfield><subfield code="2">rero</subfield></datafield><datafield ind1=" " ind2="7" tag="650"><subfield code="a">Édition</subfield><subfield code="0">(IDREF)027387348</subfield><subfield code="2">idref</subfield></datafield><datafield ind1="1" ind2=" " tag="700"><subfield code="a">Le Roy Ladurie, Emmanuel</subfield><subfield code="d">1929-2023</subfield><subfield code="0">(DE-588)11864047X</subfield></datafield><datafield ind1="1" ind2=" " tag="700"><subfield code="a">Le Roy Ladurie, Emmanuel</subfield></datafield><datafield ind1="1" ind2=" " tag="700"><subfield code="a">Revellat, Marie-Alyx</subfield><subfield code="d">19..-....</subfield><subfield code="0">(IDREF)027096246</subfield></datafield><datafield ind1=" " ind2=" " tag="830"><subfield code="a">Points</subfield><subfield code="p">Seuil</subfield><subfield code="p">Histoire</subfield><subfield code="v">159</subfield><subfield code="w">(RERO)1080527-41slsp</subfield></datafield><datafield ind1=" " ind2=" " tag="900"><subfield code="a">REROnoselfmerge</subfield></datafield></record>
</metadata></record>