<record><header><identifier>oai:alma.41SLSP_UGE:991000770689705502</identifier><datestamp>2023-04-20T00:14:04Z</datestamp><setSpec>uge_bcen_RapidILL_BOOK</setSpec><setSpec>uge_aaca_RapidILL_BOOK</setSpec><setSpec>uge_abels_RapidILL_BOOK</setSpec><setSpec>uge_dbu_RapidILL_BOOK</setSpec><setSpec>uge_cmu_RapidILL_BOOK</setSpec><setSpec>uge_mail_RapidILL_BOOK</setSpec><setSpec>uge_abbat_RapidILL_BOOK</setSpec><setSpec>UNIGE_ALL</setSpec><setSpec>uge_acar_RapidILL_BOOK</setSpec><setSpec>uge_aobs_RapidILL_BOOK</setSpec></header><metadata>
<record xmlns="http://www.loc.gov/MARC21/slim" xmlns:xsi="http://www.w3.org/2001/XMLSchema-instance" xsi:schemaLocation="http://www.loc.gov/MARC21/slim http://www.loc.gov/standards/marcxml/schema/MARC21slim.xsd"><leader>03558nam a2200877 c 4500</leader><controlfield tag="001">991000770689705502</controlfield><controlfield tag="005">20230419045151.0</controlfield><controlfield tag="007">tu</controlfield><controlfield tag="008">201011s2019    gw ||||| m||| 00| ||ger| </controlfield><datafield ind1=" " ind2=" " tag="015"><subfield code="a">18,N12</subfield><subfield code="2">dnb</subfield></datafield><datafield ind1="7" ind2=" " tag="016"><subfield code="a">115439994X</subfield><subfield code="2">DE-101</subfield></datafield><datafield ind1=" " ind2=" " tag="020"><subfield code="a">3402114461</subfield></datafield><datafield ind1=" " ind2=" " tag="020"><subfield code="z">9783402114476</subfield><subfield code="q">E-Book-PDF</subfield></datafield><datafield ind1=" " ind2=" " tag="020"><subfield code="a">9783402114469</subfield><subfield code="q">Festeinband</subfield></datafield><datafield ind1="3" ind2=" " tag="024"><subfield code="a">9783402114469</subfield></datafield><datafield ind1="5" ind2="2" tag="028"><subfield code="a">Bestellnummer: 11446</subfield></datafield><datafield ind1=" " ind2=" " tag="035"><subfield code="a">(swissbib)211745855-41slsp_network</subfield></datafield><datafield ind1=" " ind2=" " tag="035"><subfield code="a">211745855</subfield><subfield code="9">ExL</subfield></datafield><datafield ind1=" " ind2=" " tag="035"><subfield code="a">(NEBIS)011455437EBI01</subfield></datafield><datafield ind1=" " ind2=" " tag="035"><subfield code="a">(IDSLU)001367563ILU01</subfield></datafield><datafield ind1=" " ind2=" " tag="035"><subfield code="a">(IDSBB)007103264DSV01</subfield></datafield><datafield ind1=" " ind2=" " tag="035"><subfield code="a">(RERO)R008946424-41slsp</subfield></datafield><datafield ind1=" " ind2=" " tag="035"><subfield code="a">(DE-599)DNB115439994X</subfield></datafield><datafield ind1=" " ind2=" " tag="035"><subfield code="a">(OCoLC)1107636218</subfield></datafield><datafield ind1=" " ind2=" " tag="035"><subfield code="a">(DE-599)HBZHT020121946</subfield></datafield><datafield ind1=" " ind2=" " tag="035"><subfield code="a">(DE-605)HT020121946</subfield></datafield><datafield ind1=" " ind2=" " tag="035"><subfield code="a">(EXLNZ-41SLSP_NETWORK)991062456639705501</subfield></datafield><datafield ind1=" " ind2=" " tag="040"><subfield code="a">1145</subfield><subfield code="b">ger</subfield><subfield code="e">rda</subfield><subfield code="d">CH-ZuSLS</subfield></datafield><datafield ind1=" " ind2=" " tag="044"><subfield code="c">XA-DE-NW</subfield></datafield><datafield ind1=" " ind2="7" tag="072"><subfield code="a">730</subfield><subfield code="2">IDS LU</subfield></datafield><datafield ind1=" " ind2="7" tag="072"><subfield code="a">th</subfield><subfield code="2">rero</subfield></datafield><datafield ind1="0" ind2="4" tag="082"><subfield code="a">229.806</subfield><subfield code="2">23/ger</subfield></datafield><datafield ind1="1" ind2="4" tag="082"><subfield code="a">220</subfield><subfield code="2">15</subfield></datafield><datafield ind1="1" ind2="4" tag="082"><subfield code="a">230</subfield><subfield code="2">15</subfield></datafield><datafield ind1=" " ind2=" " tag="084"><subfield code="a">BC 7550</subfield><subfield code="2">rvk</subfield></datafield><datafield ind1=" " ind2=" " tag="084"><subfield code="a">BC 7490</subfield><subfield code="2">rvk</subfield></datafield><datafield ind1=" " ind2=" " tag="084"><subfield code="a">BC 7550</subfield><subfield code="2">rvk</subfield></datafield><datafield ind1=" " ind2=" " tag="084"><subfield code="a">BO 2210</subfield><subfield code="2">rvk</subfield></datafield><datafield ind1=" " ind2=" " tag="084"><subfield code="a">230</subfield><subfield code="2">sdnb</subfield></datafield><datafield ind1=" " ind2=" " tag="084"><subfield code="a">BC 3222</subfield><subfield code="2">rvk</subfield></datafield><datafield ind1="1" ind2=" " tag="100"><subfield code="a">Schöttner, Marievonne</subfield><subfield code="d">1987-</subfield><subfield code="0">(DE-588)119013568X</subfield><subfield code="e">Verfasser</subfield><subfield code="4">aut</subfield><subfield code="6">880-01</subfield></datafield><datafield ind1="1" ind2=" " tag="880"><subfield code="a">Schöttner, Marievonne</subfield><subfield code="d">1987-</subfield><subfield code="0">(RERO)A028112237</subfield><subfield code="4">aut</subfield><subfield code="6">100-01</subfield></datafield><datafield ind1="1" ind2="0" tag="245"><subfield code="a">&lt;&lt;Der&gt;&gt; vollkommene Mensch</subfield><subfield code="b">zur Genese eines frühchristlich-gnostischen Konzepts</subfield><subfield code="c">Marievonne Schöttner</subfield></datafield><datafield ind1=" " ind2="1" tag="264"><subfield code="a">Münster</subfield><subfield code="b">Aschendorff Verlag</subfield><subfield code="c">[2019]</subfield></datafield><datafield ind1=" " ind2="4" tag="264"><subfield code="c">© 2019</subfield></datafield><datafield ind1=" " ind2=" " tag="300"><subfield code="a">300 Seiten</subfield><subfield code="c">23 cm x 15.5 cm</subfield></datafield><datafield ind1=" " ind2=" " tag="336"><subfield code="b">txt</subfield><subfield code="2">rdacontent</subfield></datafield><datafield ind1=" " ind2=" " tag="337"><subfield code="b">n</subfield><subfield code="2">rdamedia</subfield></datafield><datafield ind1=" " ind2=" " tag="338"><subfield code="b">nc</subfield><subfield code="2">rdacarrier</subfield></datafield><datafield ind1="1" ind2=" " tag="490"><subfield code="a">Neutestamentliche Abhandlungen. Neue Folge</subfield><subfield code="v">Band 61</subfield></datafield><datafield ind1=" " ind2=" " tag="502"><subfield code="b">Dissertation</subfield><subfield code="c">Julius-Maximilians-Universität Würzburg</subfield><subfield code="d">2018</subfield><subfield code="g">Teilweise überarbeitete Fassung der Dissertation, neu erschienene Literatur in begrenztem Umfang eingearbeitet</subfield></datafield><datafield ind1="0" ind2="7" tag="630"><subfield code="a">Apokryphon des Johannes</subfield><subfield code="0">(DE-588)4208973-6</subfield><subfield code="2">gnd</subfield></datafield><datafield ind1="0" ind2="7" tag="630"><subfield code="a">Bibel</subfield><subfield code="p">Neues Testament</subfield><subfield code="0">(DE-588)4041771-2</subfield><subfield code="2">gnd</subfield></datafield><datafield ind1="0" ind2="7" tag="630"><subfield code="a">Evangelium des Judas</subfield><subfield code="0">(DE-588)4502985-4</subfield><subfield code="2">gnd</subfield></datafield><datafield ind1="0" ind2="7" tag="630"><subfield code="a">Evangelium Mariae</subfield><subfield code="0">(DE-588)4123170-3</subfield><subfield code="2">gnd</subfield></datafield><datafield ind1="0" ind2="7" tag="630"><subfield code="a">Evangelium Philippi</subfield><subfield code="0">(DE-588)4174267-9</subfield><subfield code="2">gnd</subfield></datafield><datafield ind1="0" ind2="7" tag="630"><subfield code="a">Bible</subfield><subfield code="p">NT</subfield><subfield code="0">(RERO)A009967469</subfield><subfield code="2">rero</subfield></datafield><datafield ind1=" " ind2="7" tag="650"><subfield code="a">Christentum</subfield><subfield code="0">(DE-588)4010074-1</subfield><subfield code="2">gnd</subfield></datafield><datafield ind1=" " ind2="7" tag="650"><subfield code="a">Literatur</subfield><subfield code="0">(DE-588)4035964-5</subfield><subfield code="2">gnd</subfield></datafield><datafield ind1=" " ind2="7" tag="650"><subfield code="a">Rezeption</subfield><subfield code="0">(DE-588)4049716-1</subfield><subfield code="2">gnd</subfield></datafield><datafield ind1=" " ind2="0" tag="650"><subfield code="a">Perfection</subfield><subfield code="x">Religious aspects</subfield><subfield code="x">Christianity</subfield><subfield code="x">History of doctrines</subfield><subfield code="y">Early church, ca. 30-600</subfield></datafield><datafield ind1=" " ind2="7" tag="650"><subfield code="a">Frühchristentum</subfield><subfield code="0">(DE-588)4129954-1</subfield><subfield code="2">gnd</subfield></datafield><datafield ind1=" " ind2="7" tag="650"><subfield code="a">Gnosis</subfield><subfield code="0">(DE-588)4021391-2</subfield><subfield code="2">gnd</subfield></datafield><datafield ind1=" " ind2="7" tag="650"><subfield code="a">Mensch</subfield><subfield code="0">(DE-588)4038639-9</subfield><subfield code="2">gnd</subfield></datafield><datafield ind1=" " ind2="7" tag="650"><subfield code="a">Vollkommenheit</subfield><subfield code="0">(DE-588)4188575-2</subfield><subfield code="2">gnd</subfield></datafield><datafield ind1=" " ind2="7" tag="650"><subfield code="a">Homme</subfield><subfield code="0">(IDREF)027271013</subfield><subfield code="2">idref</subfield></datafield><datafield ind1=" " ind2="7" tag="650"><subfield code="a">Littérature gnostique</subfield><subfield code="0">(IDREF)028071379</subfield><subfield code="2">idref</subfield></datafield><datafield ind1=" " ind2="7" tag="650"><subfield code="a">Histoire religieuse</subfield><subfield code="0">(IDREF)027801330</subfield><subfield code="2">idref</subfield></datafield><datafield ind1=" " ind2="7" tag="650"><subfield code="a">Perfection</subfield><subfield code="0">(IDREF)027634523</subfield><subfield code="2">idref</subfield></datafield><datafield ind1=" " ind2="7" tag="655"><subfield code="a">Hochschulschrift</subfield><subfield code="2">gnd-content</subfield></datafield><datafield ind1=" " ind2="7" tag="655"><subfield code="a">Thèses et écrits académiques</subfield><subfield code="0">(IDREF)027253139</subfield><subfield code="2">idref</subfield></datafield><datafield ind1="4" ind2=" " tag="856"><subfield code="3">Titelblatt und Inhaltsverzeichnis</subfield><subfield code="u">https://toc.library.ethz.ch/objects/pdf03/z01_978-3-402-11446-9_01.pdf</subfield><subfield code="q">pdf</subfield></datafield><datafield ind1=" " ind2=" " tag="830"><subfield code="a">Neutestamentliche Abhandlungen</subfield><subfield code="p">Neue Folge</subfield><subfield code="v">61</subfield><subfield code="w">(NEBIS)001375069EBI01</subfield></datafield><datafield ind1=" " ind2=" " tag="900"><subfield code="a">IDSZ2zbzmon201911l</subfield><subfield code="c">IDSZ2meyc</subfield><subfield code="d">IDSZ2zbzswk201911g</subfield><subfield code="e">IDSZ2schu</subfield></datafield><datafield ind1=" " ind2=" " tag="900"><subfield code="a">IDSDSStoppsignal FRED</subfield></datafield><datafield ind1=" " ind2=" " tag="900"><subfield code="a">REROnoselfmerge</subfield></datafield><datafield ind1=" " ind2=" " tag="949"><subfield code="a">https://toc.library.ethz.ch/objects/pdf03/z01_978-3-402-11446-9_01.pdf</subfield></datafield></record>
</metadata></record>