<record><header><identifier>oai:alma.41SLSP_UGE:991000771349705502</identifier><datestamp>2023-03-01T01:10:10Z</datestamp><setSpec>uge_bcen_RapidILL_BOOK</setSpec><setSpec>uge_aaca_RapidILL_BOOK</setSpec><setSpec>uge_abels_RapidILL_BOOK</setSpec><setSpec>uge_dbu_RapidILL_BOOK</setSpec><setSpec>uge_cmu_RapidILL_BOOK</setSpec><setSpec>uge_mail_RapidILL_BOOK</setSpec><setSpec>UNIGE_ALL</setSpec><setSpec>uge_abbat_RapidILL_BOOK</setSpec><setSpec>uge_acar_RapidILL_BOOK</setSpec><setSpec>uge_aobs_RapidILL_BOOK</setSpec></header><metadata>
<record xmlns="http://www.loc.gov/MARC21/slim" xmlns:xsi="http://www.w3.org/2001/XMLSchema-instance" xsi:schemaLocation="http://www.loc.gov/MARC21/slim http://www.loc.gov/standards/marcxml/schema/MARC21slim.xsd"><leader>02579nam a2200661 c 4500</leader><controlfield tag="001">991000771349705502</controlfield><controlfield tag="005">20230206224835.0</controlfield><controlfield tag="008">201011t19891989sz ||||| |||| 00| ||fre d</controlfield><datafield ind1=" " ind2=" " tag="020"><subfield code="a">3261039353</subfield></datafield><datafield ind1=" " ind2=" " tag="035"><subfield code="a">(swissbib)229547818-41slsp_network</subfield></datafield><datafield ind1=" " ind2=" " tag="035"><subfield code="a">229547818</subfield><subfield code="9">ExL</subfield></datafield><datafield ind1=" " ind2=" " tag="035"><subfield code="a">(RERO)1177455-41slsp</subfield></datafield><datafield ind1=" " ind2=" " tag="035"><subfield code="a">(NEBIS)001081501EBI01</subfield></datafield><datafield ind1=" " ind2=" " tag="035"><subfield code="a">(IDSBB)000627218DSV01</subfield></datafield><datafield ind1=" " ind2=" " tag="035"><subfield code="a">(EXLNZ-41SLSP_NETWORK)991057307329705501</subfield></datafield><datafield ind1=" " ind2=" " tag="040"><subfield code="a">RERO nebpun</subfield><subfield code="d">CH-ZuSLS</subfield></datafield><datafield ind1=" " ind2=" " tag="044"><subfield code="a">sz</subfield><subfield code="a">fr</subfield></datafield><datafield ind1=" " ind2="7" tag="072"><subfield code="a">fr</subfield><subfield code="2">rero</subfield></datafield><datafield ind1=" " ind2="7" tag="072"><subfield code="a">nd</subfield><subfield code="2">SzZuIDS BS/BE</subfield></datafield><datafield ind1="0" ind2="4" tag="082"><subfield code="a">801</subfield></datafield><datafield ind1="1" ind2="4" tag="082"><subfield code="a">830</subfield><subfield code="2">15</subfield></datafield><datafield ind1=" " ind2=" " tag="084"><subfield code="a">EC 1660</subfield><subfield code="2">rvk</subfield></datafield><datafield ind1=" " ind2=" " tag="084"><subfield code="a">IH 15601</subfield><subfield code="2">rvk</subfield></datafield><datafield ind1="1" ind2=" " tag="100"><subfield code="a">Rétif, Françoise</subfield><subfield code="d">1955-</subfield><subfield code="0">(DE-588)1119458331</subfield><subfield code="6">880-01</subfield></datafield><datafield ind1="1" ind2=" " tag="880"><subfield code="6">100-01</subfield><subfield code="a">Rétif, Françoise</subfield><subfield code="d">1955-....</subfield><subfield code="0">(IDREF)029989973</subfield><subfield code="4">cre</subfield></datafield><datafield ind1="1" ind2="0" tag="245"><subfield code="a">Simone de Beauvoir et Ingeborg Bachmann</subfield><subfield code="b">Tristan ou l'androgyne? : la femme et son amour</subfield><subfield code="c">Françoise Rétif</subfield></datafield><datafield ind1="1" ind2=" " tag="246"><subfield code="a">Tristan ou l'Androgyne?</subfield></datafield><datafield ind1=" " ind2="1" tag="264"><subfield code="a">Berne</subfield><subfield code="a">Francfort-s. Main [etc.]</subfield><subfield code="b">P. Lang</subfield><subfield code="c">[1989]</subfield></datafield><datafield ind1=" " ind2="4" tag="264"><subfield code="c">© 1989</subfield></datafield><datafield ind1=" " ind2=" " tag="300"><subfield code="a">213 p.</subfield><subfield code="c">23 cm</subfield></datafield><datafield ind1=" " ind2=" " tag="336"><subfield code="b">txt</subfield><subfield code="2">rdacontent</subfield></datafield><datafield ind1=" " ind2=" " tag="337"><subfield code="b">n</subfield><subfield code="2">rdamedia</subfield></datafield><datafield ind1=" " ind2=" " tag="338"><subfield code="b">nc</subfield><subfield code="2">rdacarrier</subfield></datafield><datafield ind1="1" ind2=" " tag="490"><subfield code="a">Publications universitaires européennes. Série 18, Littérature comparée</subfield><subfield code="v">vol. 51</subfield></datafield><datafield ind1=" " ind2=" " tag="504"><subfield code="a">Literaturverz.</subfield></datafield><datafield ind1="1" ind2="7" tag="600"><subfield code="a">Bachmann, Ingeborg</subfield><subfield code="d">1926-1973</subfield><subfield code="0">(IDREF)026699869</subfield><subfield code="2">idref</subfield></datafield><datafield ind1="1" ind2="7" tag="600"><subfield code="a">Beauvoir, Simone de</subfield><subfield code="d">1908-1986</subfield><subfield code="0">(IDREF)026713144</subfield><subfield code="2">idref</subfield></datafield><datafield ind1="1" ind2="7" tag="600"><subfield code="a">Bachmann, Ingeborg</subfield><subfield code="2">idszbz</subfield></datafield><datafield ind1="1" ind2="7" tag="600"><subfield code="a">Beauvoir, Simone de</subfield><subfield code="2">idszbz</subfield></datafield><datafield ind1="1" ind2="7" tag="600"><subfield code="a">Bachmann, Ingeborg</subfield><subfield code="d">1926-1973</subfield><subfield code="0">(DE-588)118505602</subfield><subfield code="2">gnd</subfield></datafield><datafield ind1="1" ind2="7" tag="600"><subfield code="a">Beauvoir, Simone &lt;&lt;de&gt;&gt;</subfield><subfield code="d">1908-1986</subfield><subfield code="0">(DE-588)118507877</subfield><subfield code="2">gnd</subfield></datafield><datafield ind1="1" ind2="0" tag="600"><subfield code="a">Bachmann, Ingeborg</subfield><subfield code="d">1926-1973</subfield><subfield code="x">Criticism and interpretation</subfield></datafield><datafield ind1="1" ind2="0" tag="600"><subfield code="a">Beauvoir, Simone de</subfield><subfield code="d">1908-1986</subfield><subfield code="x">Criticism and interpretation</subfield></datafield><datafield ind1="1" ind2="7" tag="600"><subfield code="a">Beauvoir, Simone de</subfield><subfield code="x">Motiv</subfield><subfield code="2">idsbb</subfield></datafield><datafield ind1="1" ind2="7" tag="600"><subfield code="a">Bachmann, Ingeborg</subfield><subfield code="x">Motiv</subfield><subfield code="2">idsbb</subfield></datafield><datafield ind1=" " ind2="7" tag="650"><subfield code="a">Mythe</subfield><subfield code="0">(IDREF)027240452</subfield><subfield code="2">idref</subfield></datafield><datafield ind1=" " ind2="7" tag="650"><subfield code="a">Femmes</subfield><subfield code="0">(IDREF)027537242</subfield><subfield code="2">idref</subfield></datafield><datafield ind1=" " ind2="7" tag="650"><subfield code="a">Werk</subfield><subfield code="2">idszbz</subfield></datafield><datafield ind1=" " ind2=" " tag="690"><subfield code="a">Beauvoir, Simone de</subfield><subfield code="2">uzb-VI</subfield></datafield><datafield ind1=" " ind2=" " tag="690"><subfield code="a">Bachmann, Ingeborg</subfield><subfield code="2">uzb-VI</subfield></datafield><datafield ind1=" " ind2=" " tag="690"><subfield code="a">Roman</subfield><subfield code="2">uzb-VI</subfield></datafield><datafield ind1=" " ind2=" " tag="690"><subfield code="a">Androgynie</subfield><subfield code="2">uzb-VI</subfield></datafield><datafield ind1=" " ind2=" " tag="690"><subfield code="a">&lt;&lt;Das&gt;&gt; Andere</subfield><subfield code="2">uzb-VI</subfield></datafield><datafield ind1=" " ind2=" " tag="690"><subfield code="a">Mythos</subfield><subfield code="2">uzb-VI</subfield></datafield><datafield ind1=" " ind2=" " tag="690"><subfield code="a">Tristan</subfield><subfield code="2">uzb-VI</subfield></datafield><datafield ind1="1" ind2="2" tag="700"><subfield code="a">Rétif, Françoise</subfield><subfield code="t">Tristan ou l'androgyne?</subfield></datafield><datafield ind1=" " ind2=" " tag="830"><subfield code="a">Europäische Hochschulschriften</subfield><subfield code="p">Reihe 18, Vergleichende Literaturwissenschaften</subfield><subfield code="v">51</subfield><subfield code="w">(IDSBB)000009719DSV01</subfield></datafield><datafield ind1=" " ind2=" " tag="830"><subfield code="a">European university studies</subfield><subfield code="p">Series 18, Comparative literature</subfield><subfield code="v">51</subfield><subfield code="w">(NEBIS)000996197EBI01</subfield></datafield><datafield ind1=" " ind2=" " tag="900"><subfield code="a">REROnoselfmerge</subfield></datafield></record>
</metadata></record>