<record><header><identifier>oai:alma.41SLSP_UGE:991000771659705502</identifier><datestamp>2023-03-01T01:10:10Z</datestamp><setSpec>uge_bcen_RapidILL_BOOK</setSpec><setSpec>uge_aaca_RapidILL_BOOK</setSpec><setSpec>uge_abels_RapidILL_BOOK</setSpec><setSpec>uge_dbu_RapidILL_BOOK</setSpec><setSpec>uge_cmu_RapidILL_BOOK</setSpec><setSpec>uge_mail_RapidILL_BOOK</setSpec><setSpec>UNIGE_ALL</setSpec><setSpec>uge_abbat_RapidILL_BOOK</setSpec><setSpec>uge_acar_RapidILL_BOOK</setSpec><setSpec>uge_aobs_RapidILL_BOOK</setSpec></header><metadata>
<record xmlns="http://www.loc.gov/MARC21/slim" xmlns:xsi="http://www.w3.org/2001/XMLSchema-instance" xsi:schemaLocation="http://www.loc.gov/MARC21/slim http://www.loc.gov/standards/marcxml/schema/MARC21slim.xsd"><leader>02600nam a2200361 c 4500</leader><controlfield tag="001">991000771659705502</controlfield><controlfield tag="005">20230130185809.0</controlfield><controlfield tag="008">000831s1973    ru ||||| |||| 00| ||rus d</controlfield><datafield ind1=" " ind2=" " tag="035"><subfield code="a">(swissbib)076840891-41slsp_network</subfield></datafield><datafield ind1=" " ind2=" " tag="035"><subfield code="a">076840891</subfield><subfield code="9">ExL</subfield></datafield><datafield ind1=" " ind2=" " tag="035"><subfield code="a">(RERO)0071145-41slsp</subfield></datafield><datafield ind1=" " ind2=" " tag="035"><subfield code="a">(EXLNZ-41SLSP_NETWORK)991130520419705501</subfield></datafield><datafield ind1=" " ind2=" " tag="040"><subfield code="a">RERO</subfield><subfield code="d">CH-ZuSLS</subfield></datafield><datafield ind1=" " ind2="7" tag="072"><subfield code="a">ru</subfield><subfield code="2">rero</subfield></datafield><datafield ind1="1" ind2=" " tag="100"><subfield code="6">880-01</subfield><subfield code="a">Žirmunskij, Viktor Maksimovič</subfield><subfield code="d">1891-1971</subfield><subfield code="0">(IDREF)035210796</subfield><subfield code="4">cre</subfield></datafield><datafield ind1="1" ind2=" " tag="880"><subfield code="6">100-01/(N</subfield><subfield code="a">Жирмунский, Виктор Максимович</subfield></datafield><datafield ind1="1" ind2="0" tag="245"><subfield code="6">880-02</subfield><subfield code="a">Tvorchestvo Anny Akhmatovoĭ</subfield><subfield code="c">V.M. Zhirmunskiĭ ; Akademii︠a︡ nauk SSSR</subfield></datafield><datafield ind1="1" ind2="0" tag="880"><subfield code="6">245-02/(N</subfield><subfield code="a">Творчество Анны Ахматовой</subfield><subfield code="c">В.М. Жирмунский ; Академия наук СССР</subfield></datafield><datafield ind1="1" ind2=" " tag="246"><subfield code="a">Tvorčestvo Anny Achmatovoj / V.M. Žirmunskij ; Akademija nauk SSSR</subfield></datafield><datafield ind1=" " ind2="1" tag="264"><subfield code="6">880-03</subfield><subfield code="a">Leningrad</subfield><subfield code="b">Izd. Nauka</subfield><subfield code="c">1973</subfield></datafield><datafield ind1=" " ind2="1" tag="880"><subfield code="6">264-03/(N</subfield><subfield code="a">Ленингад</subfield><subfield code="b">Изд. Наука</subfield><subfield code="c">1973</subfield></datafield><datafield ind1=" " ind2=" " tag="300"><subfield code="a">182 p.</subfield><subfield code="b">ill.</subfield><subfield code="c">17 cm</subfield></datafield><datafield ind1=" " ind2=" " tag="336"><subfield code="b">txt</subfield><subfield code="2">rdacontent</subfield></datafield><datafield ind1=" " ind2=" " tag="337"><subfield code="b">n</subfield><subfield code="2">rdamedia</subfield></datafield><datafield ind1=" " ind2=" " tag="338"><subfield code="b">nc</subfield><subfield code="2">rdacarrier</subfield></datafield><datafield ind1="1" ind2=" " tag="490"><subfield code="6">880-04</subfield><subfield code="a">Iz istorii mirovoj kul'tury</subfield></datafield><datafield ind1="0" ind2=" " tag="880"><subfield code="6">490-04/(N</subfield><subfield code="a">Из истории мировой культуры</subfield></datafield><datafield ind1="1" ind2="7" tag="600"><subfield code="a">Ahmatova, Anna Andreevna</subfield><subfield code="d">1889-1966</subfield><subfield code="0">(IDREF)026679787</subfield><subfield code="2">idref</subfield></datafield><datafield ind1=" " ind2="7" tag="650"><subfield code="a">Poésie</subfield><subfield code="0">(IDREF)027247465</subfield><subfield code="2">idref</subfield></datafield><datafield ind1="2" ind2=" " tag="710"><subfield code="6">880-05</subfield><subfield code="a">Akademiâ nauk SSSR</subfield><subfield code="0">(IDREF)026489740</subfield></datafield><datafield ind1="2" ind2=" " tag="880"><subfield code="6">710-05/(N</subfield><subfield code="a">Академия наук СССР</subfield></datafield><datafield ind1=" " ind2=" " tag="830"><subfield code="6">880-10</subfield><subfield code="a">Iz istorii mirovoĭ kulʹtury</subfield><subfield code="w">(RERO)0722358-41slsp</subfield></datafield><datafield ind1=" " ind2="0" tag="880"><subfield code="6">830-10</subfield><subfield code="a">Из истории мировой культуры</subfield></datafield><datafield ind1=" " ind2=" " tag="900"><subfield code="a">REROnoselfmerge</subfield></datafield></record>
</metadata></record>