<record><header><identifier>oai:alma.41SLSP_UGE:991000770729705502</identifier><datestamp>2023-03-01T01:10:10Z</datestamp><setSpec>uge_bcen_RapidILL_BOOK</setSpec><setSpec>uge_aaca_RapidILL_BOOK</setSpec><setSpec>uge_abels_RapidILL_BOOK</setSpec><setSpec>uge_dbu_RapidILL_BOOK</setSpec><setSpec>uge_cmu_RapidILL_BOOK</setSpec><setSpec>uge_mail_RapidILL_BOOK</setSpec><setSpec>UNIGE_ALL</setSpec><setSpec>uge_abbat_RapidILL_BOOK</setSpec><setSpec>uge_aobs_RapidILL_BOOK</setSpec><setSpec>uge_acar_RapidILL_BOOK</setSpec></header><metadata>
<record xmlns="http://www.loc.gov/MARC21/slim" xmlns:xsi="http://www.w3.org/2001/XMLSchema-instance" xsi:schemaLocation="http://www.loc.gov/MARC21/slim http://www.loc.gov/standards/marcxml/schema/MARC21slim.xsd"><leader>02091nam a2200565 c 4500</leader><controlfield tag="001">991000770729705502</controlfield><controlfield tag="005">20201230232852.0</controlfield><controlfield tag="008">201011s1987    ne ||||| |||| 00| ||eng d</controlfield><datafield ind1=" " ind2=" " tag="020"><subfield code="a">9004084215</subfield></datafield><datafield ind1=" " ind2=" " tag="035"><subfield code="a">(swissbib)220718040-41slsp_network</subfield></datafield><datafield ind1=" " ind2=" " tag="035"><subfield code="a">220718040</subfield><subfield code="9">ExL</subfield></datafield><datafield ind1=" " ind2=" " tag="035"><subfield code="a">(RERO)0938527-41slsp</subfield></datafield><datafield ind1=" " ind2=" " tag="035"><subfield code="a">(NEBIS)008945807EBI01</subfield></datafield><datafield ind1=" " ind2=" " tag="035"><subfield code="a">(IDSBB)000349325DSV01</subfield></datafield><datafield ind1=" " ind2=" " tag="035"><subfield code="a">(EXLNZ-41SLSP_NETWORK)991145930869705501</subfield></datafield><datafield ind1=" " ind2=" " tag="040"><subfield code="a">RERO gevbpu</subfield><subfield code="d">CH-ZuSLS</subfield></datafield><datafield ind1="1" ind2=" " tag="041"><subfield code="a">eng</subfield><subfield code="h">lat</subfield></datafield><datafield ind1=" " ind2=" " tag="044"><subfield code="a">ne</subfield></datafield><datafield ind1=" " ind2="7" tag="072"><subfield code="a">la</subfield><subfield code="2">rero</subfield></datafield><datafield ind1=" " ind2="7" tag="072"><subfield code="a">ph</subfield><subfield code="2">rero</subfield></datafield><datafield ind1=" " ind2="7" tag="072"><subfield code="a">ph</subfield><subfield code="2">SzZuIDS BS/BE</subfield></datafield><datafield ind1=" " ind2="7" tag="072"><subfield code="a">kp</subfield><subfield code="2">SzZuIDS BS/BE</subfield></datafield><datafield ind1="0" ind2="4" tag="082"><subfield code="a">160.924 APUL LOND</subfield></datafield><datafield ind1="1" ind2="4" tag="082"><subfield code="a">160</subfield></datafield><datafield ind1=" " ind2=" " tag="084"><subfield code="a">BF 1950</subfield><subfield code="2">rvk</subfield></datafield><datafield ind1=" " ind2=" " tag="084"><subfield code="a">CD 4150</subfield><subfield code="2">rvk</subfield></datafield><datafield ind1=" " ind2=" " tag="084"><subfield code="a">FX 244400</subfield><subfield code="2">rvk</subfield></datafield><datafield ind1="1" ind2=" " tag="100"><subfield code="a">Londey, David G</subfield><subfield code="0">(IDREF)076483975</subfield><subfield code="4">cre</subfield></datafield><datafield ind1="1" ind2="0" tag="245"><subfield code="a">&lt;&lt;The&gt;&gt; logic of Apuleius</subfield><subfield code="b">including a complete Latin text and English translation of the &quot;Peri Hermeneias&quot; of Apuleius of Madaura</subfield><subfield code="c">by David Londey and Carmen Johanson</subfield></datafield><datafield ind1=" " ind2="1" tag="264"><subfield code="a">Leiden</subfield><subfield code="a">New York</subfield><subfield code="b">E.J. Brill</subfield><subfield code="c">1987</subfield></datafield><datafield ind1=" " ind2=" " tag="300"><subfield code="a">121 p.</subfield><subfield code="c">24 cm</subfield></datafield><datafield ind1=" " ind2=" " tag="336"><subfield code="b">txt</subfield><subfield code="2">rdacontent</subfield></datafield><datafield ind1=" " ind2=" " tag="337"><subfield code="b">n</subfield><subfield code="2">rdamedia</subfield></datafield><datafield ind1=" " ind2=" " tag="338"><subfield code="b">nc</subfield><subfield code="2">rdacarrier</subfield></datafield><datafield ind1="1" ind2=" " tag="490"><subfield code="a">Philosophia antiqua</subfield><subfield code="v">47</subfield></datafield><datafield ind1="0" ind2="7" tag="600"><subfield code="a">Apulée.</subfield><subfield code="t">De interpretatione</subfield><subfield code="0">(RERO)A010044061</subfield><subfield code="2">rero</subfield></datafield><datafield ind1="0" ind2="7" tag="600"><subfield code="a">Apuleius</subfield><subfield code="c">Madaurensis</subfield><subfield code="d">123-170</subfield><subfield code="0">(DE-588)11850374X</subfield><subfield code="2">gnd</subfield></datafield><datafield ind1="0" ind2="7" tag="600"><subfield code="a">Apuleius</subfield><subfield code="c">Madaurensis</subfield><subfield code="d">123-170</subfield><subfield code="t">Peri hermēneias</subfield><subfield code="0">(DE-588)4483044-0</subfield><subfield code="2">gnd</subfield></datafield><datafield ind1="0" ind2="0" tag="600"><subfield code="a">Apuleius</subfield><subfield code="t">Peri hermēneias</subfield></datafield><datafield ind1="0" ind2="7" tag="600"><subfield code="a">Apuleius</subfield><subfield code="c">Madaurensis</subfield><subfield code="x">Logik</subfield><subfield code="2">idsbb</subfield></datafield><datafield ind1=" " ind2="7" tag="650"><subfield code="a">Logik</subfield><subfield code="0">(DE-588)4036202-4</subfield><subfield code="2">gnd</subfield></datafield><datafield ind1=" " ind2="0" tag="650"><subfield code="a">Logic, Ancient</subfield></datafield><datafield ind1="1" ind2=" " tag="700"><subfield code="a">Londey, David George</subfield><subfield code="d">1927-2002</subfield><subfield code="0">(DE-588)1089633718</subfield></datafield><datafield ind1="0" ind2=" " tag="700"><subfield code="a">Apuleius</subfield><subfield code="c">Madaurensis</subfield><subfield code="d">123-170</subfield><subfield code="0">(DE-588)11850374X</subfield></datafield><datafield ind1="0" ind2="2" tag="700"><subfield code="a">Apuleius</subfield><subfield code="c">Madaurensis</subfield><subfield code="d">123-170</subfield><subfield code="t">Peri hermeneias</subfield></datafield><datafield ind1="0" ind2="2" tag="700"><subfield code="a">Apuleius</subfield><subfield code="c">Madaurensis</subfield><subfield code="d">123-170</subfield><subfield code="t">De interpretatione</subfield></datafield><datafield ind1="1" ind2=" " tag="700"><subfield code="a">Johanson, Carmen J</subfield><subfield code="0">(IDREF)076484041</subfield></datafield><datafield ind1=" " ind2=" " tag="830"><subfield code="a">Philosophia antiqua</subfield><subfield code="v">47</subfield><subfield code="w">(NEBIS)000641456EBI01</subfield></datafield><datafield ind1=" " ind2=" " tag="830"><subfield code="a">Philosophia antiqua</subfield><subfield code="v">47</subfield><subfield code="w">(RERO)0034077-41slsp</subfield></datafield><datafield ind1=" " ind2=" " tag="900"><subfield code="a">REROnoselfmerge</subfield></datafield><datafield ind1=" " ind2=" " tag="900"><subfield code="a">IDSZ2zbzmon201309rl</subfield><subfield code="c">IDSZ2gabr</subfield></datafield></record>
</metadata></record>