<record><header><identifier>oai:alma.41SLSP_UGE:991000771249705502</identifier><datestamp>2023-03-01T01:10:10Z</datestamp><setSpec>uge_bcen_RapidILL_BOOK</setSpec><setSpec>uge_aaca_RapidILL_BOOK</setSpec><setSpec>uge_abels_RapidILL_BOOK</setSpec><setSpec>uge_dbu_RapidILL_BOOK</setSpec><setSpec>uge_cmu_RapidILL_BOOK</setSpec><setSpec>uge_mail_RapidILL_BOOK</setSpec><setSpec>UNIGE_ALL</setSpec><setSpec>uge_abbat_RapidILL_BOOK</setSpec><setSpec>uge_aobs_RapidILL_BOOK</setSpec><setSpec>uge_acar_RapidILL_BOOK</setSpec></header><metadata>
<record xmlns="http://www.loc.gov/MARC21/slim" xmlns:xsi="http://www.w3.org/2001/XMLSchema-instance" xsi:schemaLocation="http://www.loc.gov/MARC21/slim http://www.loc.gov/standards/marcxml/schema/MARC21slim.xsd"><leader>02016nam a2200397 c 4500</leader><controlfield tag="001">991000771249705502</controlfield><controlfield tag="005">20230207221703.0</controlfield><controlfield tag="008">201011s2002    fr ||||| |||| 00| ||fre d</controlfield><datafield ind1=" " ind2=" " tag="020"><subfield code="a">2747525848</subfield></datafield><datafield ind1="7" ind2=" " tag="024"><subfield code="a">http://catalogue.bnf.fr/ark:/12148/cb38848192c</subfield><subfield code="2">uri</subfield></datafield><datafield ind1=" " ind2=" " tag="035"><subfield code="a">(swissbib)229230385-41slsp_network</subfield></datafield><datafield ind1=" " ind2=" " tag="035"><subfield code="a">229230385</subfield><subfield code="9">ExL</subfield></datafield><datafield ind1=" " ind2=" " tag="035"><subfield code="a">(RERO)R003274231-41slsp</subfield></datafield><datafield ind1=" " ind2=" " tag="035"><subfield code="a">(IDSBB)003051858DSV01</subfield></datafield><datafield ind1=" " ind2=" " tag="035"><subfield code="a">(EXLNZ-41SLSP_NETWORK)991084101899705501</subfield></datafield><datafield ind1=" " ind2=" " tag="040"><subfield code="a">RERO labcud</subfield><subfield code="d">CH-ZuSLS</subfield></datafield><datafield ind1=" " ind2="7" tag="072"><subfield code="a">td</subfield><subfield code="2">rero</subfield></datafield><datafield ind1="0" ind2="0" tag="245"><subfield code="a">&lt;&lt;L'&gt;&gt;athlétisme et l'école</subfield><subfield code="b">histoire et épistémologie d'un &quot;sport éducatif&quot;</subfield><subfield code="c">Thierry Terret .... [et al.]</subfield></datafield><datafield ind1=" " ind2="1" tag="264"><subfield code="a">Paris [etc.]</subfield><subfield code="b">L'Harmattan</subfield><subfield code="c">2002</subfield></datafield><datafield ind1=" " ind2=" " tag="300"><subfield code="a">219 p.</subfield><subfield code="c">24 cm</subfield></datafield><datafield ind1=" " ind2=" " tag="336"><subfield code="b">txt</subfield><subfield code="2">rdacontent</subfield></datafield><datafield ind1=" " ind2=" " tag="337"><subfield code="b">n</subfield><subfield code="2">rdamedia</subfield></datafield><datafield ind1=" " ind2=" " tag="338"><subfield code="b">nc</subfield><subfield code="2">rdacarrier</subfield></datafield><datafield ind1="1" ind2=" " tag="490"><subfield code="a">Espaces et temps du sport</subfield></datafield><datafield ind1=" " ind2=" " tag="520"><subfield code="a">L'athlétisme a longtemps revêtu un statut spécifique dans l'institution scolaire. Cet ouvrage interroge les fondements institutionnels et idéologiques de cette position. Il en évalue aussi les effets sur la constitution des contenus d'enseignement à l'école, en analysant la manière dont l'athlétisme a été progressivement présenté comme un sport de l'enfant, puis un &quot;savoir&quot; scolaire. La réflexion débouche enfin sur l'identification d'obstacles à l'innovation didactique et pédagogique dans l'enseignement de l'athlétisme.</subfield></datafield><datafield ind1=" " ind2="7" tag="650"><subfield code="a">athlétisme - enseignement</subfield><subfield code="0">(RERO)A010046954</subfield><subfield code="2">rerovoc</subfield></datafield><datafield ind1=" " ind2="7" tag="650"><subfield code="a">20e siècle</subfield><subfield code="0">(IDREF)086305646</subfield><subfield code="2">idref</subfield></datafield><datafield ind1=" " ind2="7" tag="650"><subfield code="a">Écoles</subfield><subfield code="0">(IDREF)02743902X</subfield><subfield code="2">idref</subfield></datafield><datafield ind1=" " ind2="7" tag="651"><subfield code="a">France</subfield><subfield code="0">(IDREF)027226794</subfield><subfield code="2">idref</subfield></datafield><datafield ind1=" " ind2=" " tag="690"><subfield code="a">Athlétisme - Enseignement - Ecole - France</subfield><subfield code="2">EHSM_f</subfield></datafield><datafield ind1=" " ind2=" " tag="690"><subfield code="a">Leichtathletik - Unterricht - Schule</subfield><subfield code="2">EHSM_d</subfield></datafield><datafield ind1="1" ind2=" " tag="700"><subfield code="a">Fargier, Patrick</subfield></datafield><datafield ind1="1" ind2=" " tag="700"><subfield code="a">Rias, Bernard</subfield></datafield><datafield ind1="1" ind2=" " tag="700"><subfield code="a">Terret, Thierry</subfield><subfield code="d">1963-</subfield><subfield code="0">(DE-588)12120412X</subfield><subfield code="6">880-02</subfield></datafield><datafield ind1="1" ind2=" " tag="880"><subfield code="6">700-02</subfield><subfield code="a">Terret, Thierry</subfield><subfield code="d">1963-....</subfield><subfield code="0">(IDREF)032181957</subfield></datafield><datafield ind1=" " ind2=" " tag="830"><subfield code="a">Collection Espaces et temps du sport</subfield><subfield code="w">(RERO)1890319-41slsp</subfield></datafield><datafield ind1=" " ind2=" " tag="900"><subfield code="a">REROnoselfmerge</subfield></datafield></record>
</metadata></record>