<record><header><identifier>oai:alma.41SLSP_UGE:991000771559705502</identifier><datestamp>2024-05-24T00:18:35Z</datestamp><setSpec>UNIGE_ALL</setSpec></header><metadata>
<record xmlns="http://www.loc.gov/MARC21/slim" xmlns:xsi="http://www.w3.org/2001/XMLSchema-instance" xsi:schemaLocation="http://www.loc.gov/MARC21/slim http://www.loc.gov/standards/marcxml/schema/MARC21slim.xsd"><leader>01935ngm a2200337 c 4500</leader><controlfield tag="001">991000771559705502</controlfield><controlfield tag="005">20230625173321.0</controlfield><controlfield tag="007">vd |v||||</controlfield><controlfield tag="008">160826s2015    fr ||| |          v|eng d</controlfield><datafield ind1="4" ind2="2" tag="028"><subfield code="a">5051889540304</subfield></datafield><datafield ind1=" " ind2=" " tag="035"><subfield code="a">(swissbib)123170362-41slsp_network</subfield></datafield><datafield ind1=" " ind2=" " tag="035"><subfield code="a">123170362</subfield><subfield code="9">ExL</subfield></datafield><datafield ind1=" " ind2=" " tag="035"><subfield code="a">(RERO)R008500143-41slsp</subfield></datafield><datafield ind1=" " ind2=" " tag="035"><subfield code="a">(EXLNZ-41SLSP_NETWORK)991110481229705501</subfield></datafield><datafield ind1=" " ind2=" " tag="040"><subfield code="a">RERO geumem</subfield><subfield code="d">CH-ZuSLS</subfield></datafield><datafield ind1="1" ind2=" " tag="041"><subfield code="a">eng</subfield><subfield code="a">fre</subfield><subfield code="a">ger</subfield><subfield code="a">dut</subfield><subfield code="h">eng</subfield></datafield><datafield ind1=" " ind2="7" tag="072"><subfield code="a">ba</subfield><subfield code="2">rero</subfield></datafield><datafield ind1="0" ind2="0" tag="245"><subfield code="a">Interstellar</subfield><subfield code="c">un film de Christopher Nolan ; musique de Hans Zimmer</subfield></datafield><datafield ind1=" " ind2="1" tag="264"><subfield code="a">[Lieu de publication non identifié]</subfield><subfield code="b">Warner Bros.</subfield><subfield code="c">2015</subfield></datafield><datafield ind1=" " ind2=" " tag="300"><subfield code="a">1 DVD vidéo</subfield></datafield><datafield ind1=" " ind2=" " tag="336"><subfield code="b">tdi</subfield><subfield code="2">rdacontent</subfield></datafield><datafield ind1=" " ind2=" " tag="337"><subfield code="b">v</subfield><subfield code="2">rdamedia</subfield></datafield><datafield ind1=" " ind2=" " tag="338"><subfield code="b">vd</subfield><subfield code="2">rdacarrier</subfield></datafield><datafield ind1=" " ind2=" " tag="500"><subfield code="a">Durée du film : 2h42 min.</subfield></datafield><datafield ind1=" " ind2=" " tag="500"><subfield code="a">Choix de langues: Anglais, français, allemand. Sous-titres: Français, néerlandais, pour malentendants: anglais, allemand</subfield></datafield><datafield ind1=" " ind2=" " tag="500"><subfield code="a">Une prod. Warner Bros. Pictures &amp; Paramount Pictures, cop. 2014</subfield></datafield><datafield ind1="0" ind2=" " tag="511"><subfield code="a">Matthew McConaughey ;  Anne Hathaway ; Jessica Chastain ... et al.</subfield></datafield><datafield ind1="8" ind2=" " tag="520"><subfield code="a">&quot;La planète Terre se meurt par trop de pollution et de gaspillage des ressources naturelles. Cooper est un ancien de la Nasa. Veuf, il essaie de mener une vie normale auprès de ses enfants à la campagne. Pendant ce temps, les autorités ont découvert un tunnel cosmique qui permettrait de trouver une nouvelle planète, susceptible d'accueillir les humains. Cooper doit laisser sa famille et prendre les commandes d'une navette. Dans ce voyage périlleux en dehors de la galaxie, il est accompagné par deux autres explorateurs, Brand et Doyle. Conscients de l'importance de leur mission, ils ne sont pas sûrs de rentrer vivants.&quot;</subfield><subfield code="5">RERO/geumem/09.2016</subfield></datafield><datafield ind1=" " ind2="7" tag="655"><subfield code="a">DVD</subfield><subfield code="0">(IDREF)035108444</subfield><subfield code="2">idref</subfield></datafield><datafield ind1=" " ind2="7" tag="655"><subfield code="a">Films de fiction</subfield><subfield code="0">(IDREF)14779644X</subfield><subfield code="2">idref</subfield></datafield><datafield ind1="1" ind2=" " tag="700"><subfield code="a">Nolan, Christopher</subfield><subfield code="d">1970-....</subfield><subfield code="0">(IDREF)074015834</subfield></datafield><datafield ind1="1" ind2=" " tag="700"><subfield code="a">Zimmer, Hans</subfield><subfield code="c">compositeur</subfield><subfield code="d">1957-....</subfield><subfield code="0">(IDREF)077722574</subfield></datafield></record>
</metadata></record>