<record><header><identifier>oai:alma.41SLSP_UGE:991000770829705502</identifier><datestamp>2023-03-01T01:10:10Z</datestamp><setSpec>uge_bcen_RapidILL_BOOK</setSpec><setSpec>uge_aaca_RapidILL_BOOK</setSpec><setSpec>uge_abels_RapidILL_BOOK</setSpec><setSpec>uge_dbu_RapidILL_BOOK</setSpec><setSpec>uge_cmu_RapidILL_BOOK</setSpec><setSpec>uge_mail_RapidILL_BOOK</setSpec><setSpec>UNIGE_ALL</setSpec><setSpec>uge_abbat_RapidILL_BOOK</setSpec><setSpec>uge_aobs_RapidILL_BOOK</setSpec><setSpec>uge_acar_RapidILL_BOOK</setSpec></header><metadata>
<record xmlns="http://www.loc.gov/MARC21/slim" xmlns:xsi="http://www.w3.org/2001/XMLSchema-instance" xsi:schemaLocation="http://www.loc.gov/MARC21/slim http://www.loc.gov/standards/marcxml/schema/MARC21slim.xsd"><leader>01069nam a2200277 c 4500</leader><controlfield tag="001">991000770829705502</controlfield><controlfield tag="005">20201225163514.0</controlfield><controlfield tag="008">960525s1978    it ||||| |||| 00| ||ita d</controlfield><datafield ind1=" " ind2=" " tag="035"><subfield code="a">(swissbib)077854152-41slsp_network</subfield></datafield><datafield ind1=" " ind2=" " tag="035"><subfield code="a">077854152</subfield><subfield code="9">ExL</subfield></datafield><datafield ind1=" " ind2=" " tag="035"><subfield code="a">(RERO)0248530-41slsp</subfield></datafield><datafield ind1=" " ind2=" " tag="035"><subfield code="a">(EXLNZ-41SLSP_NETWORK)991055630389705501</subfield></datafield><datafield ind1=" " ind2=" " tag="040"><subfield code="a">RERO</subfield><subfield code="d">CH-ZuSLS</subfield></datafield><datafield ind1=" " ind2="7" tag="072"><subfield code="a">gr</subfield><subfield code="2">rero</subfield></datafield><datafield ind1="1" ind2=" " tag="100"><subfield code="a">Paduano, Guido</subfield><subfield code="d">1944-....</subfield><subfield code="0">(IDREF)028582403</subfield><subfield code="4">cre</subfield></datafield><datafield ind1="1" ind2="0" tag="245"><subfield code="a">Sui &quot;Persiani&quot; di Eschillo</subfield><subfield code="b">problemi di focalizzazione drammatica</subfield><subfield code="c">Guido Paduano</subfield></datafield><datafield ind1=" " ind2="1" tag="264"><subfield code="a">Roma</subfield><subfield code="b">Edizioni dell'ateneo e Bizzari</subfield><subfield code="c">1978</subfield></datafield><datafield ind1=" " ind2=" " tag="300"><subfield code="a">106 p.</subfield><subfield code="c">23 cm</subfield></datafield><datafield ind1=" " ind2=" " tag="336"><subfield code="b">txt</subfield><subfield code="2">rdacontent</subfield></datafield><datafield ind1=" " ind2=" " tag="337"><subfield code="b">n</subfield><subfield code="2">rdamedia</subfield></datafield><datafield ind1=" " ind2=" " tag="338"><subfield code="b">nc</subfield><subfield code="2">rdacarrier</subfield></datafield><datafield ind1="1" ind2=" " tag="490"><subfield code="a">Filologia e critica</subfield><subfield code="v">27</subfield></datafield><datafield ind1=" " ind2=" " tag="500"><subfield code="a">Istituto di filologia classica, Università di Urbino</subfield></datafield><datafield ind1="0" ind2="7" tag="600"><subfield code="a">Eschyle</subfield><subfield code="d">0525?-0456 av. J.-C.</subfield><subfield code="t">Les Perses</subfield><subfield code="0">(IDREF)028539516</subfield><subfield code="2">idref</subfield></datafield><datafield ind1="2" ind2=" " tag="710"><subfield code="a">Università di Urbino</subfield><subfield code="b">Istituto di filologia classica</subfield><subfield code="0">(RERO)A012343017</subfield></datafield><datafield ind1=" " ind2=" " tag="830"><subfield code="a">Filologia e critica</subfield><subfield code="p">GEI Gruppo Editoriale Internazionale</subfield><subfield code="v">27</subfield><subfield code="w">(RERO)1855568-41slsp</subfield></datafield><datafield ind1=" " ind2=" " tag="900"><subfield code="a">REROnoselfmerge</subfield></datafield></record>
</metadata></record>