<record><header><identifier>oai:alma.41SLSP_UGE:991000771539705502</identifier><datestamp>2023-03-01T01:10:10Z</datestamp><setSpec>uge_bcen_RapidILL_BOOK</setSpec><setSpec>uge_aaca_RapidILL_BOOK</setSpec><setSpec>uge_abels_RapidILL_BOOK</setSpec><setSpec>uge_dbu_RapidILL_BOOK</setSpec><setSpec>uge_cmu_RapidILL_BOOK</setSpec><setSpec>uge_mail_RapidILL_BOOK</setSpec><setSpec>UNIGE_ALL</setSpec><setSpec>uge_abbat_RapidILL_BOOK</setSpec><setSpec>uge_aobs_RapidILL_BOOK</setSpec><setSpec>uge_acar_RapidILL_BOOK</setSpec></header><metadata>
<record xmlns="http://www.loc.gov/MARC21/slim" xmlns:xsi="http://www.w3.org/2001/XMLSchema-instance" xsi:schemaLocation="http://www.loc.gov/MARC21/slim http://www.loc.gov/standards/marcxml/schema/MARC21slim.xsd"><leader>01284nam a2200361 c 4500</leader><controlfield tag="001">991000771539705502</controlfield><controlfield tag="005">20201222193836.0</controlfield><controlfield tag="008">140624s1977    xxu||||| |||| 00| ||eng d</controlfield><datafield ind1=" " ind2=" " tag="020"><subfield code="a">0916870073</subfield></datafield><datafield ind1=" " ind2=" " tag="035"><subfield code="a">(swissbib)119974576-41slsp_network</subfield></datafield><datafield ind1=" " ind2=" " tag="035"><subfield code="a">119974576</subfield><subfield code="9">ExL</subfield></datafield><datafield ind1=" " ind2=" " tag="035"><subfield code="a">(RERO)R007776877-41slsp</subfield></datafield><datafield ind1=" " ind2=" " tag="035"><subfield code="a">(EXLNZ-41SLSP_NETWORK)991008514549705501</subfield></datafield><datafield ind1=" " ind2=" " tag="040"><subfield code="a">DLC</subfield><subfield code="d">CH-ZuSLS</subfield></datafield><datafield ind1=" " ind2="0" tag="050"><subfield code="a">PS3521.E735</subfield><subfield code="b">Z64</subfield></datafield><datafield ind1=" " ind2="7" tag="072"><subfield code="a">an</subfield><subfield code="2">rero</subfield></datafield><datafield ind1="0" ind2="0" tag="082"><subfield code="a">813/.5/4</subfield><subfield code="a">B</subfield></datafield><datafield ind1="1" ind2=" " tag="100"><subfield code="a">Gifford, Barry</subfield><subfield code="d">1946-....</subfield><subfield code="0">(IDREF)026890763</subfield><subfield code="4">cre</subfield></datafield><datafield ind1="1" ind2="0" tag="245"><subfield code="a">Kerouac's town</subfield><subfield code="c">by Barry Gifford ; with photos. by Marshall Clements</subfield></datafield><datafield ind1=" " ind2=" " tag="250"><subfield code="a">Rev., expanded ed</subfield></datafield><datafield ind1=" " ind2="1" tag="264"><subfield code="a">Berkeley, CA</subfield><subfield code="b">Creative Arts Book Co. : distributed by Book People</subfield><subfield code="c">1977</subfield></datafield><datafield ind1=" " ind2=" " tag="300"><subfield code="a">60 p.</subfield><subfield code="b">ill.</subfield><subfield code="c">18 cm.</subfield></datafield><datafield ind1=" " ind2=" " tag="336"><subfield code="b">txt</subfield><subfield code="2">rdacontent</subfield></datafield><datafield ind1=" " ind2=" " tag="337"><subfield code="b">n</subfield><subfield code="2">rdamedia</subfield></datafield><datafield ind1=" " ind2=" " tag="338"><subfield code="b">nc</subfield><subfield code="2">rdacarrier</subfield></datafield><datafield ind1="0" ind2=" " tag="490"><subfield code="a">Modern authors monograph series</subfield><subfield code="v">no. 2</subfield></datafield><datafield ind1="1" ind2="0" tag="600"><subfield code="a">Kerouac, Jack</subfield><subfield code="d">1922-1969</subfield><subfield code="x">Homes and haunts</subfield><subfield code="z">Massachusetts</subfield><subfield code="z">Lowell</subfield></datafield><datafield ind1=" " ind2="0" tag="650"><subfield code="a">Authors, American</subfield><subfield code="y">20th century</subfield><subfield code="v">Biography</subfield></datafield><datafield ind1=" " ind2="0" tag="650"><subfield code="a">Beat generation</subfield><subfield code="v">Biography</subfield></datafield><datafield ind1=" " ind2="0" tag="650"><subfield code="a">Literary landmarks</subfield><subfield code="z">Massachusetts</subfield><subfield code="z">Lowell</subfield></datafield><datafield ind1=" " ind2="0" tag="651"><subfield code="a">Lowell (Mass.)</subfield><subfield code="x">Biography</subfield></datafield><datafield ind1=" " ind2="0" tag="651"><subfield code="a">Lowell (Mass.)</subfield><subfield code="x">Intellectual life</subfield><subfield code="y">20th century</subfield></datafield><datafield ind1=" " ind2=" " tag="900"><subfield code="a">REROnoselfmerge</subfield></datafield><datafield ind1=" " ind2=" " tag="910"><subfield code="a">LOC</subfield><subfield code="b">20140624</subfield><subfield code="c">Droits réservés</subfield></datafield></record>
</metadata></record>