<record><header><identifier>oai:alma.41SLSP_UGE:991000771029705502</identifier><datestamp>2024-04-05T00:24:28Z</datestamp><setSpec>uge_bcen_RapidILL_BOOK</setSpec><setSpec>uge_aaca_RapidILL_BOOK</setSpec><setSpec>uge_abels_RapidILL_BOOK</setSpec><setSpec>uge_dbu_RapidILL_BOOK</setSpec><setSpec>uge_cmu_RapidILL_BOOK</setSpec><setSpec>uge_mail_RapidILL_BOOK</setSpec><setSpec>uge_abbat_RapidILL_BOOK</setSpec><setSpec>UNIGE_ALL</setSpec><setSpec>uge_acar_RapidILL_BOOK</setSpec><setSpec>uge_aobs_RapidILL_BOOK</setSpec></header><metadata>
<record xmlns="http://www.loc.gov/MARC21/slim" xmlns:xsi="http://www.w3.org/2001/XMLSchema-instance" xsi:schemaLocation="http://www.loc.gov/MARC21/slim http://www.loc.gov/standards/marcxml/schema/MARC21slim.xsd"><leader>01302nam a2200361 c 4500</leader><controlfield tag="001">991000771029705502</controlfield><controlfield tag="005">20240404154845.0</controlfield><controlfield tag="008">201011s1986    gw ||||| |||| 00| ||ger d</controlfield><datafield ind1=" " ind2=" " tag="020"><subfield code="a">3170085611</subfield></datafield><datafield ind1=" " ind2=" " tag="035"><subfield code="a">(swissbib)214366650-41slsp_network</subfield></datafield><datafield ind1=" " ind2=" " tag="035"><subfield code="a">214366650</subfield><subfield code="9">ExL</subfield></datafield><datafield ind1=" " ind2=" " tag="035"><subfield code="a">(RERO)0722574-41slsp</subfield></datafield><datafield ind1=" " ind2=" " tag="035"><subfield code="a">(IDSSG)000002356HSB01</subfield></datafield><datafield ind1=" " ind2=" " tag="035"><subfield code="a">(EXLNZ-41SLSP_NETWORK)991052042289705501</subfield></datafield><datafield ind1=" " ind2=" " tag="040"><subfield code="a">RERO laisdc</subfield><subfield code="d">CH-ZuSLS</subfield></datafield><datafield ind1=" " ind2="7" tag="072"><subfield code="a">dr</subfield><subfield code="2">rero</subfield></datafield><datafield ind1="7" ind2="4" tag="082"><subfield code="a">340</subfield><subfield code="2">23sdnb</subfield></datafield><datafield ind1=" " ind2=" " tag="084"><subfield code="a">CA/D 82 b</subfield><subfield code="2">cjurrom</subfield></datafield><datafield ind1="1" ind2=" " tag="100"><subfield code="a">Szagunn, Volkhard</subfield><subfield code="0">(IDREF)184040817</subfield><subfield code="4">cre</subfield></datafield><datafield ind1="1" ind2="0" tag="245"><subfield code="a">Gesetz über das Kreditwesen</subfield><subfield code="b">in der Fassung vom 11.7.1985 : Kommentar</subfield><subfield code="c">von Volkhard Szagunn, Karl Wohlschiess ; unter Mitarbeit von Heinz Brückner</subfield></datafield><datafield ind1=" " ind2=" " tag="250"><subfield code="a">4., neubearb. und erw. Aufl</subfield></datafield><datafield ind1=" " ind2="1" tag="264"><subfield code="a">Stuttgart</subfield><subfield code="a">Berlin [etc.]</subfield><subfield code="b">W. Kohlhammer</subfield><subfield code="c">1986</subfield></datafield><datafield ind1=" " ind2=" " tag="300"><subfield code="a">772 p.</subfield><subfield code="c">22 cm</subfield><subfield code="e">Nachtrag</subfield></datafield><datafield ind1=" " ind2=" " tag="336"><subfield code="b">txt</subfield><subfield code="2">rdacontent</subfield></datafield><datafield ind1=" " ind2=" " tag="337"><subfield code="b">n</subfield><subfield code="2">rdamedia</subfield></datafield><datafield ind1=" " ind2=" " tag="338"><subfield code="b">nc</subfield><subfield code="2">rdacarrier</subfield></datafield><datafield ind1="0" ind2=" " tag="490"><subfield code="a">Kohlhammer-Kommentare</subfield></datafield><datafield ind1=" " ind2=" " tag="500"><subfield code="a">Erscheinungsjahr bibliographisch ermittelt</subfield></datafield><datafield ind1=" " ind2=" " tag="500"><subfield code="a">Mit Nachtrag (4 S.)</subfield></datafield><datafield ind1="1" ind2=" " tag="700"><subfield code="a">Brückner, Heinz</subfield><subfield code="0">(RERO)A003052706</subfield></datafield><datafield ind1="1" ind2=" " tag="700"><subfield code="a">Wohlschiess, Karl</subfield><subfield code="0">(RERO)A003982857</subfield></datafield><datafield ind1="1" ind2="2" tag="710"><subfield code="a">Deutschland (Bundesrepublik)</subfield><subfield code="t">Lois et arrêtés</subfield><subfield code="d">1984</subfield></datafield><datafield ind1=" " ind2=" " tag="900"><subfield code="a">REROnoselfmerge</subfield></datafield></record>
</metadata></record>