<record><header><identifier>oai:alma.41SLSP_UGE:991000771339705502</identifier><datestamp>2023-03-01T01:10:10Z</datestamp><setSpec>uge_bcen_RapidILL_BOOK</setSpec><setSpec>uge_aaca_RapidILL_BOOK</setSpec><setSpec>uge_abels_RapidILL_BOOK</setSpec><setSpec>uge_dbu_RapidILL_BOOK</setSpec><setSpec>uge_cmu_RapidILL_BOOK</setSpec><setSpec>uge_mail_RapidILL_BOOK</setSpec><setSpec>UNIGE_ALL</setSpec><setSpec>uge_abbat_RapidILL_BOOK</setSpec><setSpec>uge_aobs_RapidILL_BOOK</setSpec><setSpec>uge_acar_RapidILL_BOOK</setSpec></header><metadata>
<record xmlns="http://www.loc.gov/MARC21/slim" xmlns:xsi="http://www.w3.org/2001/XMLSchema-instance" xsi:schemaLocation="http://www.loc.gov/MARC21/slim http://www.loc.gov/standards/marcxml/schema/MARC21slim.xsd"><leader>01550nam a22004332c 4500</leader><controlfield tag="001">991000771339705502</controlfield><controlfield tag="005">20210130122128.0</controlfield><controlfield tag="008">201011s1955    gw ||||| |||| 00| ||ger d</controlfield><datafield ind1=" " ind2=" " tag="035"><subfield code="a">(swissbib)215872460-41slsp_network</subfield></datafield><datafield ind1=" " ind2=" " tag="035"><subfield code="a">215872460</subfield><subfield code="9">ExL</subfield></datafield><datafield ind1=" " ind2=" " tag="035"><subfield code="a">(RERO)R006355332-41slsp</subfield></datafield><datafield ind1=" " ind2=" " tag="035"><subfield code="a">(IDSBB)000243984DSV01</subfield></datafield><datafield ind1=" " ind2=" " tag="035"><subfield code="a">(EXLNZ-41SLSP_NETWORK)991158293129705501</subfield></datafield><datafield ind1=" " ind2=" " tag="040"><subfield code="a">GUB</subfield><subfield code="d">CH-ZuSLS</subfield></datafield><datafield ind1=" " ind2="4" tag="050"><subfield code="a">KK2982.51952</subfield><subfield code="b">.D53 1955</subfield></datafield><datafield ind1=" " ind2="7" tag="072"><subfield code="a">dr</subfield><subfield code="2">rero</subfield></datafield><datafield ind1=" " ind2="7" tag="072"><subfield code="a">ra</subfield><subfield code="2">SzZuIDS BS/BE</subfield></datafield><datafield ind1="1" ind2="4" tag="082"><subfield code="a">340</subfield><subfield code="2">15</subfield></datafield><datafield ind1=" " ind2=" " tag="084"><subfield code="a">CA/D 55.1 b</subfield><subfield code="2">cjurrom</subfield></datafield><datafield ind1="1" ind2=" " tag="100"><subfield code="a">Dietz, Rolf</subfield><subfield code="0">(RERO)A003180493</subfield><subfield code="4">cre</subfield></datafield><datafield ind1="1" ind2="0" tag="245"><subfield code="a">Betriebsverfassungsgesetz mit Wahlordnung</subfield><subfield code="b">Kommentar</subfield><subfield code="c">von Rolf Dietz</subfield></datafield><datafield ind1=" " ind2=" " tag="250"><subfield code="a">2., durchgearbeitete Aufl.</subfield></datafield><datafield ind1=" " ind2="1" tag="264"><subfield code="a">München</subfield><subfield code="a">Berlin</subfield><subfield code="b">C.H. Beck</subfield><subfield code="c">1955</subfield></datafield><datafield ind1=" " ind2=" " tag="300"><subfield code="a">xvi, 740 p.</subfield><subfield code="c">23 cm.</subfield></datafield><datafield ind1=" " ind2=" " tag="336"><subfield code="b">txt</subfield><subfield code="2">rdacontent</subfield></datafield><datafield ind1=" " ind2=" " tag="337"><subfield code="b">n</subfield><subfield code="2">rdamedia</subfield></datafield><datafield ind1=" " ind2=" " tag="338"><subfield code="b">nc</subfield><subfield code="2">rdacarrier</subfield></datafield><datafield ind1="1" ind2=" " tag="490"><subfield code="a">Beck'sche Kommentare zum Arbeitsrecht</subfield><subfield code="v">Bd. 5</subfield></datafield><datafield ind1=" " ind2=" " tag="504"><subfield code="a">Includes bibliographical references (p. [xi]-xvi).</subfield></datafield><datafield ind1=" " ind2=" " tag="504"><subfield code="a">Includes index.</subfield></datafield><datafield ind1=" " ind2="0" tag="650"><subfield code="a">Management</subfield><subfield code="x">Employee participation</subfield><subfield code="z">Germany (West)</subfield></datafield><datafield ind1=" " ind2="0" tag="650"><subfield code="a">Works councils</subfield><subfield code="z">Germany (West)</subfield></datafield><datafield ind1=" " ind2="4" tag="651"><subfield code="a">Deutschland</subfield></datafield><datafield ind1=" " ind2="4" tag="655"><subfield code="a">Kommentar</subfield></datafield><datafield ind1="1" ind2=" " tag="710"><subfield code="a">Deutschland</subfield><subfield code="g">Bundesrepublik</subfield><subfield code="0">(DE-588)4011889-7</subfield></datafield><datafield ind1="2" ind2=" " tag="710"><subfield code="a">Deutschland (Bundesrepublik)</subfield><subfield code="t">Lois et arrêtés</subfield><subfield code="d">1952</subfield></datafield><datafield ind1=" " ind2="0" tag="830"><subfield code="a">Beck'sche Kommentare zum Arbeitsrecht</subfield><subfield code="v">5</subfield><subfield code="w">(RERO)0084400-41slsp</subfield></datafield><datafield ind1=" " ind2="0" tag="830"><subfield code="a">Beck'sche Kommentare zum Arbeitsrecht</subfield><subfield code="v">5/2</subfield><subfield code="w">(IDSBB)000367287DSV01</subfield></datafield><datafield ind1=" " ind2=" " tag="900"><subfield code="a">REROnoselfmerge</subfield></datafield><datafield ind1=" " ind2=" " tag="910"><subfield code="a">OCoLC</subfield><subfield code="b">20111208</subfield><subfield code="c">Droits réservés</subfield></datafield></record>
</metadata></record>