<record><header><identifier>oai:alma.41SLSP_UGE:991000771129705502</identifier><datestamp>2023-07-01T00:25:43Z</datestamp><setSpec>uge_bcen_RapidILL_BOOK</setSpec><setSpec>uge_aaca_RapidILL_BOOK</setSpec><setSpec>uge_abels_RapidILL_BOOK</setSpec><setSpec>uge_dbu_RapidILL_BOOK</setSpec><setSpec>uge_cmu_RapidILL_BOOK</setSpec><setSpec>uge_mail_RapidILL_BOOK</setSpec><setSpec>uge_abbat_RapidILL_BOOK</setSpec><setSpec>UNIGE_ALL</setSpec><setSpec>uge_aobs_RapidILL_BOOK</setSpec><setSpec>uge_acar_RapidILL_BOOK</setSpec></header><metadata>
<record xmlns="http://www.loc.gov/MARC21/slim" xmlns:xsi="http://www.w3.org/2001/XMLSchema-instance" xsi:schemaLocation="http://www.loc.gov/MARC21/slim http://www.loc.gov/standards/marcxml/schema/MARC21slim.xsd"><leader>02189naa a2200433 c 4500</leader><controlfield tag="001">991000771129705502</controlfield><controlfield tag="005">20230630211457.0</controlfield><controlfield tag="008">030526s2002    sz ||||| |||| 00| ||fre d</controlfield><datafield ind1=" " ind2=" " tag="035"><subfield code="a">(swissbib)099012731-41slsp_network</subfield></datafield><datafield ind1=" " ind2=" " tag="035"><subfield code="a">099012731</subfield><subfield code="9">ExL</subfield></datafield><datafield ind1=" " ind2=" " tag="035"><subfield code="a">(RERO)R003362684-41slsp</subfield></datafield><datafield ind1=" " ind2=" " tag="035"><subfield code="a">(EXLNZ-41SLSP_NETWORK)991091573469705501</subfield></datafield><datafield ind1=" " ind2=" " tag="040"><subfield code="a">RERO gecjpj</subfield><subfield code="d">CH-ZuSLS</subfield></datafield><datafield ind1=" " ind2=" " tag="044"><subfield code="a">sz</subfield><subfield code="c">ch-ge</subfield></datafield><datafield ind1=" " ind2="7" tag="072"><subfield code="a">se</subfield><subfield code="2">rero</subfield></datafield><datafield ind1=" " ind2=" " tag="084"><subfield code="a">CA/CH 57 i</subfield><subfield code="2">cjurrom</subfield></datafield><datafield ind1="1" ind2=" " tag="100"><subfield code="a">Berra, Jacques</subfield><subfield code="0">(IDREF)080226094</subfield><subfield code="4">cre</subfield></datafield><datafield ind1="1" ind2="0" tag="245"><subfield code="a">&lt;&lt;La&gt;&gt; propriété du logement et la prévoyance professionnelle en Suisse</subfield><subfield code="c">Jacques Berra</subfield></datafield><datafield ind1=" " ind2=" " tag="336"><subfield code="b">txt</subfield><subfield code="2">rdacontent</subfield></datafield><datafield ind1=" " ind2=" " tag="337"><subfield code="b">n</subfield><subfield code="2">rdamedia</subfield></datafield><datafield ind1=" " ind2=" " tag="338"><subfield code="b">nc</subfield><subfield code="2">rdacarrier</subfield></datafield><datafield ind1=" " ind2=" " tag="580"><subfield code="a">In: Cahiers genevois et romands de sécurité sociale. - Genève. - Cahier no 28(2002), p.81-94</subfield></datafield><datafield ind1=" " ind2="7" tag="650"><subfield code="a">Beginn</subfield><subfield code="9">ger</subfield><subfield code="0">(RERO)jurivoc000002984ger</subfield><subfield code="2">jurivoc</subfield></datafield><datafield ind1=" " ind2="7" tag="650"><subfield code="a">Leistungsanspruch(Versicherung)</subfield><subfield code="9">ger</subfield><subfield code="0">(RERO)jurivoc000014169ger</subfield><subfield code="2">jurivoc</subfield></datafield><datafield ind1=" " ind2="7" tag="650"><subfield code="a">Altersleistung</subfield><subfield code="9">ger</subfield><subfield code="0">(RERO)jurivoc000000902ger</subfield><subfield code="2">jurivoc</subfield></datafield><datafield ind1=" " ind2="7" tag="650"><subfield code="a">berufliche Vorsorge</subfield><subfield code="9">ger</subfield><subfield code="0">(RERO)jurivoc000003305ger</subfield><subfield code="2">jurivoc</subfield></datafield><datafield ind1=" " ind2="7" tag="650"><subfield code="a">berufliche Vorsorge nach BVG</subfield><subfield code="9">ger</subfield><subfield code="0">(RERO)jurivoc000003306ger</subfield><subfield code="2">jurivoc</subfield></datafield><datafield ind1=" " ind2="7" tag="650"><subfield code="a">Eigentumsförderung</subfield><subfield code="9">ger</subfield><subfield code="0">(RERO)jurivoc000006305ger</subfield><subfield code="2">jurivoc</subfield></datafield><datafield ind1=" " ind2="7" tag="650"><subfield code="a">Freizügigkeitsleistung</subfield><subfield code="9">ger</subfield><subfield code="0">(RERO)jurivoc000008816ger</subfield><subfield code="2">jurivoc</subfield></datafield><datafield ind1=" " ind2="7" tag="650"><subfield code="a">Vorbezug</subfield><subfield code="9">ger</subfield><subfield code="0">(RERO)jurivoc000025732ger</subfield><subfield code="2">jurivoc</subfield></datafield><datafield ind1=" " ind2="7" tag="650"><subfield code="a">Altersgrenze</subfield><subfield code="9">ger</subfield><subfield code="0">(RERO)jurivoc000000896ger</subfield><subfield code="2">jurivoc</subfield></datafield><datafield ind1=" " ind2="7" tag="650"><subfield code="a">Eintritt des Versicherungsfalls</subfield><subfield code="9">ger</subfield><subfield code="0">(RERO)jurivoc000006622ger</subfield><subfield code="2">jurivoc</subfield></datafield><datafield ind1=" " ind2="7" tag="650"><subfield code="a">Erhaltung des Vorsorgeschutzes</subfield><subfield code="9">ger</subfield><subfield code="0">(RERO)jurivoc000007217ger</subfield><subfield code="2">jurivoc</subfield></datafield><datafield ind1=" " ind2="7" tag="650"><subfield code="a">Gerichts- und Verwaltungspraxis</subfield><subfield code="9">ger</subfield><subfield code="0">(RERO)jurivoc000009624ger</subfield><subfield code="2">jurivoc</subfield></datafield><datafield ind1=" " ind2="7" tag="650"><subfield code="a">richterliche Behörde</subfield><subfield code="9">ger</subfield><subfield code="0">(RERO)jurivoc000018932ger</subfield><subfield code="2">jurivoc</subfield></datafield><datafield ind1=" " ind2="7" tag="650"><subfield code="a">oberstes Gericht</subfield><subfield code="9">ger</subfield><subfield code="0">(RERO)jurivoc000016213ger</subfield><subfield code="2">jurivoc</subfield></datafield><datafield ind1=" " ind2="7" tag="650"><subfield code="a">eidgenössisches Versicherungsgericht</subfield><subfield code="9">ger</subfield><subfield code="0">(RERO)jurivoc000006259ger</subfield><subfield code="2">jurivoc</subfield></datafield><datafield ind1=" " ind2="7" tag="651"><subfield code="a">Schweiz</subfield><subfield code="9">ger</subfield><subfield code="0">(RERO)jurivoc000019912ger</subfield><subfield code="2">jurivoc</subfield></datafield><datafield ind1=" " ind2="7" tag="655"><subfield code="a">Kommentar(Bemerkung)</subfield><subfield code="9">ger</subfield><subfield code="2">jurivoc</subfield><subfield code="0">(RERO)jurivoc000013037ger</subfield></datafield><datafield ind1="0" ind2=" " tag="773"><subfield code="t">Cahiers genevois et romands de sécurité sociale</subfield><subfield code="g">28/81</subfield><subfield code="w">(RERO)1596117-41slsp</subfield></datafield></record>
</metadata></record><record><header status="deleted"><identifier>oai:alma.41SLSP_UGE:991000770749705502</identifier><datestamp>2024-03-14T01:23:06Z</datestamp><setSpec>uge_bcen_RapidILL_BOOK</setSpec><setSpec>uge_aaca_RapidILL_BOOK</setSpec><setSpec>uge_abels_RapidILL_BOOK</setSpec><setSpec>uge_dbu_RapidILL_BOOK</setSpec><setSpec>uge_cmu_RapidILL_BOOK</setSpec><setSpec>uge_mail_RapidILL_BOOK</setSpec><setSpec>uge_abbat_RapidILL_BOOK</setSpec><setSpec>UNIGE_ALL</setSpec><setSpec>uge_aobs_RapidILL_BOOK</setSpec><setSpec>uge_acar_RapidILL_BOOK</setSpec></header></record><resumptionToken>1900-01-01@all@UNIGE_ALL@marc21@5986568910005502</resumptionToken></ListRecords></OAI-PMH>